2804 4474
203 227 244 286 32
608 225 704 280 trena
721 227 759 280 ιι.
778 229 922 294 eonas.

202 400 286 462 video
303 400 381 462 eninr
398 399 433 460 ab
450 419 485 462 eo
501 399 559 460 dici
574 400 666 462 multa
681 417 792 475 severe,
808 399 899 460 multa
914 398 1074 479 praeclare.
1104 399 1227 479 ltaque,
1250 409 1285 460 ut

203 504 291 566 saepe
306 485 382 560 dixi,
405 485 441 546 de
463 485 599 546 acumine
621 485 718 565 agitur
739 485 816 558 eius,
842 484 955 546 nonde
977 483 1128 559 moribus;
1149 485 1285 563 quamvis

204 580 328 650 spernat
342 570 506 650 voluptates
526 589 589 643 eas,
612 589 685 650 quas
706 570 794 630 modo
816 569 958 643 laudavit,
980 587 1036 648 ego
1056 577 1155 630 tamen
1178 569 1285 630 memi-

204 672 280 716 nero
296 655 374 735 quod
390 655 524 716 videatur
540 655 566 715 ei
587 673 734 716 summum
751 654 874 715 honum.
903 653 968 714 Non
986 654 1064 714 onim
1080 653 1172 714 verbo
1188 654 1285 716 solnm

202 740 306 844 posuit
318 739 509 819 voluptatem,
524 739 575 800 sed
591 739 757 820 explanavit
772 740 842 819 quid
856 740 976 800 diceret.
1003 729 1168 818 ‘Saporem'
1187 739 1288 818 inquit
1308 749 1325 796 5

217 834 424 904 etcorporum
441 825 626 904 complexum
649 834 678 884 ct
698 823 786 886 ludos
805 833 894 904 atque
915 831 1019 884 cantus
1043 834 1073 884 et
1093 825 1204 885 formas
1225 841 1286 896 eae,

207 908 316 989 quihus
338 909 416 970 oculi
437 909 566 970 iucunde
586 900 779 971 moveantur?
818 909 895 970 Num
918 911 1014 986 lingo,
1037 927 1109 970 num
1132 905 1287 970 mentior?

208 994 301 1074 Cupio
314 994 424 1069 relelli;
440 994 509 1074 quid
523 994 601 1054 enim
615 995 727 1068 laboro,
736 994 797 1072 pisi
810 1002 842 1056 ut
852 994 960 1054 veritas
972 994 1001 1054 in
1016 993 1097 1054 omni
1108 994 1286 1072 quaestione

56 1154 59 1160 Ι
156 1095 186 1146 ex
208 1076 393 1159 explicetur?
412 1081 450 1140 Αῑ
464 1079 540 1140 idem
556 1080 597 1140 ait
612 1099 671 1140 non
689 1097 824 1140 crescere
839 1079 1019 1158 voluptatem
1034 1078 1137 1139 dolore
1152 1077 1286 1140 detrecto

208 1182 412 1243 summamque
435 1164 613 1244 voluptatem
642 1183 707 1225 esse
736 1164 809 1224 nihil
837 1163 947 1224 dolere.
984 1164 1091 1224 Paucis
1112 1163 1211 1223 verbis
1230 1163 1288 1223 tria
1310 1173 1340 1224 10

208 1268 314 1328 magna
329 1258 458 1329 peccata.
485 1249 594 1324 Unum,
610 1248 689 1328 quod
705 1267 806 1310 secum
818 1249 882 1328 ipse
898 1258 1020 1329 pugnat.
1049 1248 1136 1309 llodo
1149 1248 1230 1310 enim
1247 1265 1287 1308 ne

208 1334 353 1414 suspicari
369 1334 486 1412 quidem
502 1353 535 1396 se
556 1335 714 1414 quicquam
735 1333 864 1409 honum,
886 1334 943 1396 nisi
958 1352 1064 1395 sensus
1086 1333 1169 1413 quasi
1185 1333 1287 1394 titilla-

208 1429 315 1480 rentur
329 1419 494 1499 voluptate3
515 1437 597 1479 nunc
617 1429 715 1479 autem
730 1437 874 1480 summam
895 1417 1074 1499 voluptatem
1096 1437 1161 1479 esse
1183 1418 1288 1479 dolore

210 1521 321 1565 carere.
339 1504 491 1584 ¹Potestne
506 1504 598 1583 magis
612 1522 712 1566 secum
726 1504 789 1584 ipse
805 1501 960 1583 pugnare?
975 1503 1107 1564 Alterum
1119 1512 1287 1583 peccatum,

210 1587 305 1668 quod,
329 1606 396 1650 cum
412 1588 442 1649 in
459 1598 565 1649 natura
584 1589 640 1649 tria
656 1589 733 1663 sint,
754 1607 848 1650 unum
868 1589 1013 1668 gaudere,
1034 1588 1158 1648 alterum
1175 1586 1291 1662 dolere,
1311 1597 1339 1648 15

209 1674 330 1734 tertium
351 1691 408 1734 nec
430 1674 558 1754 gaudere
581 1692 637 1734 nec
660 1673 775 1747 dolere,
797 1673 846 1733 hic
867 1673 995 1752 primum
1018 1683 1046 1733 et
1066 1673 1187 1733 tertium
1203 1682 1290 1753 putat

209 1759 287 1820 idem
311 1777 374 1819 esse
396 1777 453 1819 nec
471 1758 625 1837 distinguit
646 1777 662 1819 a
686 1777 748 1819 non
769 1756 897 1818 dolendo
926 1759 1115 1838 voluptatem.
1151 1757 1287 1818 Tertium

210 1852 365 1924 peccatum
381 1861 540 1904 commune
560 1862 629 1904 cum
650 1843 843 1922 quibusdam,
864 1843 1026 1922 quodcum
1048 1842 1140 1902 virtus
1161 1842 1289 1902 maxime

212 1937 368 2008 expetatur
383 1928 506 2008 eiusque
520 1928 726 2010 adipiscendae
737 1947 824 1990 causa
835 1928 1019 2008 philosophia
1032 1927 1163 2007 quaesita
1175 1927 1223 2002 sit,
1239 1927 1289 1988 ille

212 2015 348 2074 erirtute
363 2031 512 2074 summum
527 2013 639 2074 honuni
655 2013 808 2093 separavit.
1312 2020 1340 2073 m

159 2112 190 2164 18
297 2100 335 2159 At
355 2097 453 2159 laudat
474 2117 563 2178 saepe
581 2099 730 2160 virtutem,
775 2097 813 2158 Et
839 2096 958 2177 quidem
981 2096 1012 2158 C.
1028 2095 1195 2171 Gracchus,
1219 2114 1287 2157 cum

212 2263 278 2315 wind
292 2263 357 2315 ench
371 2263 574 2328 eingesehobem
593 2279 614 2316 s.
628 2266 670 2330 23,
683 2267 724 2318 55.
777 2261 1007 2329 eusFlhchtiglxeit
1018 2263 1080 2314 eber
1089 2262 1131 2315 die
1141 2263 1290 2315 nichthier·

213 2332 249 2384 So
267 2330 333 2382 euch
351 2330 378 2383 ll.
398 2333 440 2396 25,
458 2333 504 2383 6οι
523 2331 611 2383 Dices.
778 2331 824 2383 her
852 2332 993 2397 gehorigen
1020 2329 1110 2383 Worte
1136 2332 1183 2382 ruit
1210 2331 1290 2398 ehge-

248 2402 272 2452 4.
290 2400 377 2463 emto,
395 2413 416 2450 s.
434 2414 457 2450 z.
474 2397 503 2450 ll.
522 2400 562 2461 12,
579 2401 621 2453 28.
776 2398 919 2451 sehrieben.

249 2471 272 2520 5.
289 2469 388 2532 posuit,
406 2480 426 2518 s.
445 2481 468 2520 z.
487 2468 564 2529 6,13.
811 2470 852 2519 11.
879 2467 963 2520 Unum
981 2494 1015 2505 -
1032 2467 1154 2518 Alterum
1170 2495 1206 2504 —
1226 2466 1290 2518 Ter-

248 2535 377 2600 Saporem
392 2535 723 2601 -movearttur,vgl.18,
776 2537 852 2586 tieem.
887 2533 940 2598 So,
963 2533 1034 2586 nicht
1054 2535 1101 2585 mit
1116 2537 1233 2602 primur,
1250 2552 1290 2585 ee·

214 2606 262 2656 41:
284 2617 375 2667 wegen
398 2606 425 2652 et
441 2631 475 2640 -
492 2607 624 2668 atque-
642 2608 680 2654 et:
704 2603 723 2658 1.
776 2602 886 2667 medua,
904 2605 1006 2665 urum,
1029 2601 1111 2668 pssegt
1134 2602 1223 2654 Cicero
1247 2603 1289 2654 die

214 2674 257 2735 to,
273 2673 318 2722 95:
337 2674 473 2736 totamque
490 2675 539 2722 cet.
778 2669 910 2721 einzelnen
924 2668 1026 2721 Glieder
1043 2671 1114 2722 eines
1131 2670 1226 2722 vorher
1244 2685 1290 2722 en·

249 2742 273 2791 9.
291 2753 346 2788 nore
363 2753 481 2788 erescere
497 2738 661 2804 voluptatem
681 2739 726 2789 do-
779 2737 927 2803 gegehenen
966 2736 1069 2788 Geneen
1110 2738 1290 2793 eulzuzihlen.

216 2808 273 2858 lore
284 2805 413 2856 detracto.
439 2804 502 2857 llals
510 2805 552 2857 die
560 2798 644 2870 ἣὸινή
656 2805 727 2857 nicht
778 2804 837 2870 Vgl.
849 2804 880 2856 V.
894 2806 935 2871 21,
948 2807 992 2868 68;
1010 2811 1089 2857 unten
1107 2807 1149 2869 22,
1167 2809 1201 2858 52
1219 2806 1290 2858 steht

215 2873 449 2939 steigerungslthlg
467 2873 518 2938 sei,
534 2874 570 2925 ist
588 2873 726 2940 ellerdings
778 2872 853 2924 delur
876 2871 935 2924 sehr
956 2873 1154 2939 ungenehntten
1170 2877 1289 2940 primum

215 2941 273 2993 eine
283 2939 370 2992 Beheu
391 2945 455 3007 tang
466 2955 517 2992 ron
529 2940 626 3008 lipilxur
637 2941 663 2992 in
677 2941 725 2993 den
778 2969 811 2979 -
830 2941 933 2991 dende.

215 3003 307 3076 κύριαι
333 2956 424 3067 deifer:
458 3002 507 3059 οὐκ
532 3006 680 3070 ἐπαύξεται
709 3005 741 3074 ἡ,
814 3010 854 3062 12.
873 3011 1019 3074 suspicari:
1043 3010 1109 3075 §41
1128 3026 1153 3060 ιι.
1172 3011 1206 3061 16
1224 3009 1290 3061 wind

215 3069 301 3140 ἡδονὴ
313 3075 344 3126 tv
359 3075 395 3194 ιζ
411 3079 500 3142 σαρκί,
518 3072 631 3128 ἐπειδὰν
650 3069 727 3128 ἅπαν
777 3075 851 3127 delur
869 3075 915 3127 das
933 3075 1047 3128 elicheia
1070 3077 1228 3142 intellegere
1246 3093 1291 3144 ge-

216 3137 325 3194 τὸκατ’
344 3145 376 3193 t'r
395 3161 453 3194 ιιαν
468 3137 569 3262 alippio»
586 3142 725 3215 ἐξαιρεθῇ,
777 3147 843 3209 eegt.
1289 3157 1293 3164 ’

215 3204 286 3262 ἀλλὰ
296 3207 384 3276 μόνον
397 3208 490 3262 uolut).
537 3230 566 3262 cu
578 3212 611 3263 im
626 3211 725 3278 Gegen·
811 3214 890 3277 quari
906 3211 1093 3276 titillarentur,
1110 3200 1291 3279 Uhemelaunss

215 3283 288 3331 setae
312 3293 344 3328 zu
362 3276 437 3329 Plato
461 3279 517 3343 (der
533 3278 641 3345 demus,
668 3279 725 3331 deis
776 3293 828 3330 non
847 3277 957 3346 llpllxurs
973 3298 1027 3350 γαρ
1044 3276 1144 3344 atum,
1181 3277 1291 3352 αργιλι-

216 3346 261 3398 der
276 3343 726 3412 sinnlicheGenulsllerminderung
777 3343 851 3412 epte.
893 3345 928 3398 So
951 3347 1005 3399 Get.
1055 3299 1290 3413 .11,1ζ;1αη1α

215 3412 269 3466 und
278 3412 432 3479 Steigerung
440 3413 548 3480 zulasse,
559 3414 608 3466 den
622 3413 725 3466 Schluls
777 3417 855 3479 quart
872 3415 1003 3465 titillatio.

215 3496 274 3548 rog,
286 3481 342 3532 dele
351 3480 468 3533 denselbe
478 3481 550 3534 nicht
561 3481 608 3533 des
617 3481 725 3534 hdchste
811 3483 836 3532 6.
858 3498 875 3532 a
893 3482 1088 3535 condolendo.
1116 3482 1142 3536 S.
1161 3499 1192 3535 ιιι
1209 3482 1227 3533 l.
1247 3485 1289 3547 13,

217 3549 268 3602 Gut
286 3549 339 3601 sein
359 3548 462 3614 henne).
495 3549 565 3600 Aher
580 3548 653 3612 elles,
672 3564 727 3601 was
780 3549 892 3601 1022110
908 3551 980 3601 nihil
996 3551 1141 3603 renuendo.
1281 3549 1284 3554 “

217 3616 306 3668 Cicero
318 3616 408 3668 weiter
420 3621 486 3683 sept,
498 3616 601 3668 bezieht
613 3615 668 3667 sich
680 3632 727 3668 nur
814 3618 852 3669 18.
862 3632 1001 3668 commune
1009 3633 1069 3670 curre
1077 3619 1244 3686 quibusdam,
1253 3635 1289 3671 sc.

218 3684 264 3735 eui
273 3682 313 3735 die
325 3683 463 3748 folgenden
476 3683 578 3736 Worte:
597 3699 727 3734 summam
775 3685 954 3751 philosophia
981 3686 1119 3753 cigentlich
1147 3688 1194 3739 mit
1221 3687 1289 3739 allen

216 3751 623 3816 oclrrptaterneeeentlre'ldolere.
637 3750 728 3803 Wahr-
779 3753 864 3804 ausser
881 3752 929 3804 den
949 3753 1078 3807 Stoilxern.

218 3817 410 3870 scheinlichhet
421 3834 448 3870 er
457 3820 514 3871 eine
525 3819 639 3886 pressere
647 3817 727 3871 Stelle
814 3822 855 3872 21.
868 3822 905 3871 At
922 3822 1016 3873 laudat
1028 3826 1076 3874 cet.
1105 3820 1230 3872 Einwend
1243 3838 1289 3874 aus

218 3885 497 3953 imZusemmenhenge
504 3903 551 3939 ror
559 3886 613 3939 sich
624 3888 728 3954 gehebt,
779 3886 838 3939 dem
851 3887 929 3940 Sinne
942 3889 986 3942 der
998 3887 1147 3955 Ephraim,
1164 3903 1239 3941 wozu
1252 3891 1289 3941 Et
