2790 4476
204 183 244 240 92
557 180 652 235 mauu
668 181 686 237 1.
706 184 747 246 m,
765 184 807 235 er.
825 184 867 244 41,
886 182 927 234 aa.

202 355 287 418 Lum't
307 356 352 416 vir
374 355 510 435 egregius
532 363 665 417 extrema
687 354 810 434 spiritu,
833 372 901 415 cum
923 354 981 414 iam
1003 352 1184 432 praecordiis
1208 370 1281 414 ccu-

201 450 317 522 eeptam
333 449 459 502 mortem
472 442 651 514 contineret,
666 458 794 520 vereque
805 440 842 511 ei,
858 439 907 500 cui
918 456 1067 500 remanum
1082 437 1280 518 praebiberat,

149 537 178 586 bt
201 535 329 590 mortem
345 545 410 588 eam
426 533 471 588 est
486 534 656 604 auguratus,
672 544 748 605 quae
764 525 846 586 breui
859 534 1021 587 consecuta
1037 531 1090 586 est.
1114 523 1189 595 Quis
1204 523 1282 585 hauc

200 612 319 674 maximi
340 613 433 673 animi
450 613 631 691 aequitatem
652 611 685 672 iu
707 611 772 691 ipsa
800 619 896 672 marte
923 610 1071 684 laudaret,
1100 609 1125 670 si
1154 617 1280 670 martem

201 698 311 760 malum
327 695 493 759 iudicaret?
516 697 600 759 Vadit
621 698 652 758 iu
676 696 804 758 eamdem
825 714 977 757 carcerem
992 703 1081 774 atque
1104 695 1133 754 in
1151 693 1282 756 eundem
1309 703 1326 751 5
1387 719 1388 758 i

202 783 306 864 paucis
328 792 396 862 past
419 783 506 844 auais
528 783 673 864 scyphum
696 781 849 856 Socrates,
872 781 977 842 ecdem
1004 781 1116 842 sceiere
1139 781 1281 854 iudicum,
1314 827 1318 840 .

201 887 261 948 quc
277 877 473 948 tprauucrum
490 867 701 930 Theramenes.
720 868 807 938 Quae
831 876 876 928 est
890 867 981 947 igitur
1003 867 1067 926 eius
1090 867 1200 937 cratia,
1225 883 1281 945 qua

201 954 272 1015 iacit
287 971 354 1013 eum
370 953 454 1014 Plato
469 972 555 1014 usum
572 952 650 1033 apud
666 952 779 1014 iudices
794 951 851 1013 iam
867 961 964 1014 marte
980 949 1157 1013 multatum?

151 1047 186 1100 41
286 1031 405 1118 ‘Magna
420 1033 483 1100 me’
500 1039 599 1119 iuquit
610 1031 693 1118 ‘spes
707 1047 803 1112 tenet,
819 1037 948 1118 iudices,
970 1037 1048 1098 bene
1062 1037 1135 1098 mihi
1151 1036 1282 1107 evenire,

203 1123 282 1204 quod
298 1124 399 1185 mittar
413 1125 448 1185 ad
465 1134 601 1186 mortem.
624 1124 751 1186 Necesse
766 1131 812 1185 est
826 1123 906 1184 anim
919 1124 956 1184 sit
967 1123 1093 1184 alterum
1106 1122 1142 1183 de
1154 1121 1283 1194 duobus,
1308 1129 1339 1178 10

203 1219 236 1271 ut
250 1218 302 1271 aut
316 1229 423 1272 sanstus
439 1210 562 1271 omniuo
574 1209 675 1272 amuis
690 1227 772 1270 mars
786 1209 901 1270 auferat
911 1217 966 1270 aut
977 1209 1011 1270 in
1027 1208 1117 1268 alium
1132 1207 1282 1287 aerenum

201 1295 301 1356 lecum
323 1313 359 1356 ex
381 1295 429 1357 iris
443 1295 517 1357 locis
532 1303 628 1356 marte
642 1295 796 1374 migretur.
833 1293 929 1365 Quam
944 1293 984 1355 ob
1000 1312 1080 1367 rem,
1098 1293 1160 1355 sive
1175 1311 1283 1354 sensus

203 1381 404 1460 exstinguitur
425 1399 566 1461 morsque
590 1381 616 1441 ei
638 1399 745 1443 semna
761 1379 864 1441 similis
877 1388 939 1455 est,
959 1380 1014 1459 qui
1029 1398 1092 1440 uon
1109 1396 1282 1457 numquam,

203 1466 291 1528 etiam
314 1467 379 1528 siue
401 1466 470 1528 visis
486 1466 694 1540 somniorum,
715 1464 944 1546 placatissimam
967 1465 1097 1544 quietem
1120 1464 1231 1540 adfert,
1253 1462 1283 1522 di

202 1551 285 1626 huni,
299 1551 372 1630 quid
386 1551 462 1612 lucri
478 1561 524 1614 est
538 1551 646 1613 emcrii
662 1558 713 1612 aut
728 1569 817 1630 quam
832 1550 917 1611 multi
932 1549 995 1612 dies
1009 1549 1133 1630 reperiri
1144 1557 1282 1628 possunt,
1307 1555 1338 1604 15

203 1637 256 1716 qui
272 1637 322 1698 tali
338 1637 420 1698 nocti
435 1647 674 1718 anteponantur,
694 1637 744 1698 cui
759 1637 783 1697 si
799 1635 903 1696 similis
926 1636 1024 1696 futura
1037 1646 1085 1696 est
1099 1634 1284 1714 perpetuitas

151 1730 180 1780 98
203 1721 301 1783 omnis
324 1723 538 1801 consequentis
559 1723 720 1803 temporis,
741 1721 795 1801 spui
816 1739 865 1782 me
887 1717 1024 1782 beatior?
1046 1720 1099 1781 Sin
1122 1738 1191 1780 vera
1213 1729 1285 1780 suut

204 1825 280 1886 quac
296 1807 454 1883 dicuutur,
477 1807 684 1888 migrationem
701 1826 766 1869 esse
781 1816 909 1868 martem
926 1807 956 1868 in
973 1824 1022 1867 eas
1039 1822 1120 1878 cras,
1144 1823 1217 1884 quas
1234 1803 1285 1883 qui

203 1894 292 1955 evita
308 1903 501 1955 excesserunt
517 1894 664 1969 iuuabunt,
679 1893 708 1954 id
724 1893 819 1954 multo
835 1893 893 1953 iam
906 1891 1020 1953 beatius
1032 1899 1086 1952 est.
1108 1890 1200 1964 Tene,
1216 1907 1285 1951 cum

237 2096 262 2148 1.
295 2098 452 2160 conceptam
486 2099 597 2145 martem
634 2097 720 2146 eonti-
769 2108 857 2159 spera,
874 2087 1287 2159 epembabeocet.‘h0ffeucder
1387 2107 1388 2138 t

171 2229 173 2233 Ι
203 2165 280 2212 neret
297 2161 343 2213 das
366 2163 579 2228 eingeucmmeue
596 2160 720 2229 bierdgist
771 2160 895 2228 glauben,
921 2159 979 2213 deis
1003 2164 1087 2212 etwas
1113 2159 1192 2210 echan
1216 2159 1287 2223 jetzt
1387 2167 1388 2190 ¹

204 2228 281 2295 berg..
770 2227 1287 2290 autumaremusderintufeessteuan,

239 2297 263 2346 2.
280 2298 462 2362 praebiberat,
480 2297 498 2348 i.
511 2296 536 2349 d.
555 2297 718 2364 Massabati-
770 2297 822 2348 wie
840 2297 872 2349 ad
886 2297 950 2352 bem.
963 2297 980 2349 Ι.
995 2300 1019 2362 6,
1032 2299 1061 2350 2:
1085 2301 1117 2347 at
1136 2310 1242 2362 sperem
1261 2300 1287 2345 te

204 2364 269 2415 nime
303 2365 345 2415 eiu
375 2363 453 2425 ἅπαξ
480 2361 642 2435 λεγόμενον,
678 2366 719 2418 iirr
768 2367 1090 2432 mibiigaceeere3sager
1103 2361 1286 2416 beriniPeri.

201 2432 352 2497 propinare
368 2434 545 2502 (προπίνειν).
769 2449 821 2486 vau
831 2449 1012 2499 vergaugenen
1022 2433 1131 2499 Diugeu,
1145 2433 1196 2484 wie
1206 2435 1285 2484 unua

239 2501 263 2554 3.
299 2502 374 2552 brevi
397 2507 539 2554 aaaeacata
561 2508 609 2555 est.
644 2501 717 2554 Nceh
769 2501 1183 2564 1L27‚aa;adutaitextr.:
1207 2515 1287 2566 apere

203 2569 230 2620 in
241 2567 558 2636 demselbanahrc(403)
570 2570 613 2623 fiel
623 2570 718 2623 Kritias
770 2573 820 2621 tibi
836 2586 877 2620 me
895 2585 1004 2622 caueam
1017 2573 1154 2636 probasse.

200 2637 239 2697 ¹itu
257 2636 366 2703 Kampsa
385 2652 468 2704 gagen
486 2638 643 2708 Thrasybul.
805 2641 846 2692 12.
854 2641 1011 2691 aiveeeaeue
1019 2640 1213 2702 aeetiagm‘tua.
1223 2635 1286 2688 Dem

238 2708 263 2759 4.
281 2709 311 2757 in
328 2708 387 2774 ipsa
399 2712 493 2773 marte,
512 2723 564 2774 erg.
578 2708 718 2772 bewieseu,
770 2706 913 2774 entsprieht
921 2709 999 2774 erst§
1010 2709 1043 2761 98
1051 2704 1286 2776 (auakelutirischpz

203 2774 346 2827 attributis.
771 2775 821 2828 Sin
838 2792 903 2828 aera
920 2780 984 2826 eant
1002 2780 1051 2828 cet.

238 2842 372 2895 laudaret.
407 2842 467 2896 Mau
484 2845 577 2896 mbiste
594 2843 720 2896 vieImehr
807 2845 848 2898 1-8.
866 2846 1072 2910 migrationem,
1089 2843 1142 2909 agl.
1155 2843 1197 2905 12,
1211 2843 1253 2894 27.

205 2909 246 2962 die
270 2914 355 2961 animi
373 2915 500 2977 'aequitas
521 2913 547 2964 in
566 2911 624 2964 dem
642 2928 721 2978 euge·
806 2915 846 2965 19.
864 2915 919 2963 iam
936 2937 971 2958 ι-
989 2908 1034 2978 bri:
1053 2909 1229 2963 eutschietieu.

205 2993 358 3029 ucmmeueu
369 2977 440 3030 Falla
453 2979 492 3032 als
502 2980 721 3047 Geit'thllosigkeit
805 2983 920 3031 beatius:
933 2981 1080 3046 geeigaeter
1089 2994 1121 3030 uu
1131 2976 1287 3044 bepibcken,

206 3044 403 3099 brendmarkeu.
771 3047 961 3114 beseiigeuder:
980 3048 1033 3114 vgl.
1051 3047 1084 3100 de
1096 3045 1139 3099 cis.
1151 3046 1170 3097 1.
1185 3049 1226 3110 17,
1239 3046 1286 3096 bb:

240 3117 263 3165 b.
288 3113 372 3165 Vadit
393 3116 424 3164 ἐπ
448 3116 558 3166 eandem
581 3120 719 3184 scyphum,
770 3113 850 3166 Nibe'l
878 3121 967 3166 aetem
996 3122 1036 3168 eet
1064 3116 1209 3166 amabilius
1238 3128 1287 3164 nee

203 3180 638 3303 ezitt‘ituubussbthitt
654 3184 720 3305 ‘bii
771 3182 1287 3305 tttbittubmsttttsitit

204 3317 314 3382 kbhnes,
324 3318 386 3370 aber
395 3317 453 3370 dem
463 3319 560 3371 Patbcs
569 3292 718 3387 dergauzeu
770 3319 837 3372 noch
855 3321 950 3373 audere
967 3320 1036 3374 Part.
1054 3320 1122 3372 Perb
1136 3319 1218 3384 Pecs,
1235 3317 1287 3368 wie

206 3386 287 3439 Stelle
306 3387 523 3453 entsprecbendes
541 3387 662 3455 Zeugma.
752 3403 792 3444 a.
812 3387 841 3440 B.
871 3389 1070 3452 amedaram,
1099 3393 1207 3452 caum,
1234 3388 1287 3436 cie

240 3457 264 3507 6.
280 3459 376 3521 paucis
390 3460 455 3522 poet
471 3459 564 3510 anaia:
582 3457 616 3508 im
634 3456 658 3509 J.
668 3460 718 3512 399
771 3461 945 3523 aamepaataa,
962 3458 1010 3509 mit
1023 3459 1120 3510 actimer
1132 3455 1288 3520 Bedeutuug

204 3539 230 3576 v.
244 3523 301 3577 Chr.
773 3524 922 3591 gebraucht.

241 3594 264 3644 8.
282 3590 372 3643 Plato:
396 3592 471 3659 Apol.
496 3591 567 3644 Socr.
593 3606 614 3643 c.
634 3593 667 3658 32
684 3592 719 3658 (p.
806 3592 842 3644 Zu
864 3592 933 3645 Tene
950 3593 1003 3657 (wo
1021 3609 1055 3644 ne
1071 3614 1105 3635 =
1122 3607 1186 3644 nam
1204 3591 1247 3653 iet,
1265 3603 1287 3639 s.

205 3662 239 3711 40
252 3662 284 3722 c).
322 3659 383 3712 Meu
405 3660 552 3726 vergleiehe
574 3659 616 3711 die
640 3659 720 3711 Uber·
772 3663 931 3727 zu2'1‚67)
953 3689 986 3698 -
1012 3664 1106 3712 venire
1132 3665 1181 3714 cet.
1209 3657 1288 3711 solite

205 3731 315 3793 setauug
349 3728 396 3779 mit
425 3729 483 3780 dem
513 3727 625 3794 Origine}
656 3727 721 3779 vcll-
773 3728 830 3781 dem
848 3728 1079 3795 Vorhergebendeu
1098 3725 1288 3795 entsprecheud

206 3794 318 3856 scandis.
772 3797 811 3849 ais
824 3795 947 3848 Praeerat
958 3796 1058 3862 ialgen:
1076 3796 1212 3847 mediocre
1223 3797 1289 3856 cett,

242 3865 270 3916 9.
303 3879 362 3930 epea
379 3891 411 3902 -
431 3865 495 3915 bene
517 3866 630 3916 evenire.
674 3862 721 3916 Bai
772 3864 858 3918 worm
875 3865 937 3918 aber
956 3865 1005 3917 mit
1023 3863 1226 3930 Wiederhcluug
1245 3861 1292 3914 des
