2804 4474
202 187 243 246 m
547 185 923 252 mmmmmmm

203 361 314 440 suscipi
342 358 500 439 obquando
530 357 745 436 aegritudinem
773 375 862 436 posse
885 375 921 418 ex
944 376 979 418 eo
1002 357 1083 436 ipso,
1112 357 1193 436 quod
1217 375 1286 417 esse

203 463 352 508 summum
374 445 484 506 malum
500 443 677 521 [Cleanthes]
692 442 756 522 ipse
780 443 916 504 fateatur.
951 441 1028 513 Quid
1044 442 1123 504 euim
1139 441 1285 512 dicemus,

205 550 274 593 eum
297 531 434 593 Socrates
456 527 598 590 Alcibiadi
620 526 830 608 persuasisset,
853 538 887 588 ut
908 527 1090 607 accepimus,
1113 546 1182 588 eum
1208 525 1287 587 nihil

203 616 335 678 hominis
351 633 415 677 esse
431 633 487 675 nec
503 614 659 692 quicquam
675 612 755 674 inter
768 610 950 674 Alcibiadem
965 629 1081 673 summo
1096 612 1162 674 loco
1177 620 1285 672 natum

206 713 235 762 ει
249 701 382 780 quemvis
395 699 525 761 baiolum
541 699 694 768 interesse,
709 715 778 758 cum
795 717 827 758 se
844 696 1009 759 Alcibiades
1020 697 1181 758 adflictaret
1196 696 1287 756 lacri-
1309 705 1324 754 5

205 804 350 865 mensque
362 784 476 848 Socrati
489 783 612 863 supplex
629 792 717 855 esset,
733 792 766 843 ut
781 780 839 844 sibi
852 782 991 844 virtutem
1006 783 1137 844 traderet
1151 782 1285 860 turpitu-

205 871 364 949 dinemque
386 869 562 948 depelleret,
585 867 654 947 quid
671 867 819 940 dicemus,
842 864 1006 928 Cleanthe?
1028 885 1100 928 num
1121 868 1152 928 in
1174 866 1224 927 illa
1239 885 1284 939 re,

152 965 182 1017 18
204 974 281 1034 quae
296 955 482 1034 aegritudine
498 951 680 1015 Alcibiadem
697 951 861 1023 adiiciebat,
877 951 946 1014 muli
961 953 1034 1013 nihil
1046 949 1159 1014 luisse?
1180 948 1284 1024 Quid?

205 1041 253 1102 illa
268 1040 396 1122 Lyconis
417 1039 514 1118 qualia
530 1034 623 1100 suut?
645 1036 696 1117 qui
719 1036 936 1115 aegritudinem
953 1047 1117 1099 extenuans
1130 1037 1229 1116 parvis
1244 1037 1285 1096 ait

205 1144 270 1187 cam
285 1125 374 1187 rebus
392 1124 519 1196 moveri,
535 1126 673 1185 fortunae
688 1129 718 1183 ct
733 1121 869 1202 corporis
884 1122 1097 1198 incommodis,
1113 1141 1174 1184 nou
1191 1121 1284 1182 animi
1309 1127 1335 1179 10

204 1211 298 1273 malis.
328 1209 406 1282 Quid
421 1206 518 1290 ergo?
542 1208 624 1284 illud,
641 1208 721 1287 quod
737 1207 903 1269 Alcibiades
917 1207 1045 1280 dolebat,
1062 1227 1124 1269 non
1140 1227 1176 1269 ex
1191 1207 1284 1268 animi

205 1295 290 1357 malis
311 1295 446 1374 vitiisque
468 1291 647 1356 constabat?
672 1292 716 1352 Ad
739 1291 861 1371 Epicuri
884 1293 1120 1355 consolationem
1146 1292 1216 1355 satis
1240 1303 1285 1353 εει

205 1390 275 1443 ante
292 1380 413 1441 dictum.

292 1465 335 1526 Ne
345 1464 394 1526 illa
414 1463 532 1544 quidem
551 1462 716 1524 firmissima
737 1461 901 1523 consolatio
917 1469 970 1534 cst,
986 1479 1165 1542 quamquam
1179 1472 1210 1524 et
1223 1462 1286 1523 usi·

155 1526 184 1578 ⁷9
205 1559 264 1612 tata
280 1559 325 1612 εει
337 1559 367 1611 ει
379 1567 467 1629 saepe
477 1548 616 1629 prodest:
634 1546 701 1610 Non
711 1547 766 1608 tibi
774 1547 826 1608 boc
840 1546 903 1609 soli.
927 1547 1051 1608 Prodest
1065 1549 1139 1609 haec
1155 1549 1285 1626 quidem,
1307 1555 1333 1608 15

205 1644 240 1696 ut
254 1634 328 1708 dixi,
352 1635 403 1696 scd
426 1653 483 1696 uec
497 1651 615 1712 semper
631 1650 687 1694 uec
700 1631 856 1708 omnibus;
877 1640 949 1693 sunt
964 1631 1042 1694 enim
1058 1633 1109 1712 qui
1125 1644 1286 1712 respuant3

206 1721 257 1782 sed
274 1721 438 1799 refertque
454 1718 543 1780 modo
558 1715 741 1779 adhibeatur.
763 1715 802 1778 Ut
818 1717 897 1777 enim
912 1717 1013 1778 tulerit
1028 1717 1154 1797 quisque
1169 1735 1287 1792 eorum,
1382 1731 1383 1766 ³

206 1805 258 1884 qui
286 1805 437 1885 sapienter
458 1804 609 1878 tulerunt,
634 1821 696 1863 non
720 1818 781 1880 quo
797 1801 923 1881 quisque
949 1802 1137 1864 incommodo
1152 1803 1288 1864 adlectus
1382 1793 1383 1818 ¹

206 1891 253 1965 sit,
275 1890 506 1971 praedicandum
529 1897 581 1950 est.
612 1885 767 1968 Chrysippi
784 1887 819 1948 ud
834 1887 986 1949 veritatem
1002 1887 1167 1950 firmissima
1182 1897 1236 1963 est,
1252 1887 1287 1948 ad

205 1985 323 2057 tempus
342 1974 534 2054 aegritudiuis
550 1972 686 2035 difficilis.
708 1971 847 2052 Magnum
861 1991 936 2053 opus
948 1981 993 2034 est
1003 1973 1130 2054 probare
1144 1974 1291 2035 maerenti
1311 1983 1338 2034 21

240 2113 263 2162 1.
281 2107 428 2173 aliquando
441 2097 605 2157 ‘bisweileu'.
768 2102 823 2156 keil
833 2103 1039 2170 ausgezeichnet,
1051 2104 1233 2172 sebriebyhber
1244 2105 1291 2156 das

241 2193 276 2228 ecc
302 2192 333 2226 eo
361 2178 431 2241 ipso,
461 2173 571 2225 niunlich
592 2173 655 2224 dher
677 2171 718 2222 die
770 2171 941 2224 bdcbsteGut
963 2171 1015 2225 und
1033 2172 1227 2226 hochsteUbel.
1258 2173 1292 2224 Er

206 2246 297 2312 eigene
308 2241 420 2295 sittlicbe
431 2240 640 2306 Schleehtigkeit.
659 2238 720 2291 Wer
772 2241 996 2296 sermenem.
1016 2239 1249 2308 Vgl.lliog.L.V.A.

206 2314 271 2364 iiber
283 2310 353 2362 diese
365 2309 421 2362 sich
433 2307 601 2371 belulmmert,
619 2307 659 2359 fur
671 2305 721 2358 den
811 2311 849 2361 11.
869 2308 941 2372 Quid
965 2313 1047 2374 ergo?
1080 2309 1150 2360 illud
1172 2337 1207 2348 -
1228 2325 1291 2361 con·

206 2381 242 2432 ist
262 2377 389 2430 neturlich
401 2377 459 2431 Gl.‘s
471 2374 548 2428 Trost
564 2374 624 2427 lrein
636 2373 722 2426 Trost.
775 2378 879 2428 stabat?
894 2374 970 2428 Sinn:
990 2377 1061 2429 diese
1078 2377 1135 2442 (des
1147 2378 1227 2444 Lyco)
1238 2379 1291 2427 An-

241 2449 265 2500 2.
290 2444 420 2510 fateamr,
437 2444 568 2496 hermes:
587 2458 641 2495 was
659 2441 725 2495 doch
777 2443 845 2496 sieht
864 2443 927 2496 wird
946 2443 1025 2496 durch
1043 2444 1089 2496 des
1106 2445 1218 2498 erzihlte
1234 2444 1292 2496 Bei-

206 2515 283 2581 (nuch
302 2513 375 2566 Cic’s
386 2511 476 2577 Urtcil)
491 2511 626 2564 Cleanthes
640 2511 723 2563 selbst
774 2511 1043 2577 spieldesAlcibiudes
1054 2513 1192 2632 sublege?
1199 2513 1292 2565 wider-

208 2582 356 2636 anerlreunt.
775 2580 836 2646 legi.
871 2578 930 2644 Vgl.
947 2578 979 2632 V.
997 2583 1021 2644 5,
1042 2582 1085 2633 13:
1104 2582 1157 2646 Qui
1186 2583 1292 2646 igitur?

242 2653 267 2706 3.
296 2651 420 2703 Socrates
437 2647 584 2699 adhibendi.
638 2646 724 2710 Augu·
812 2649 853 2700 12.
869 2648 921 2713 Aa,
939 2663 960 2700 s.
977 2648 996 2700 l.
1014 2651 1039 2713 4,
1057 2652 1071 2701 7
1090 2665 1121 2701 nu
1139 2651 1177 2700 ud
1193 2651 1231 2705 id.

208 2719 267 2773 siin.
286 2718 379 2771 dcciv.
392 2715 495 2768 111111.
514 2715 725 2768 &Alcibiadem
811 2718 852 2768 15.
878 2732 932 2767 non
956 2718 1005 2767 titi
1022 2718 1072 2768 hoe
1088 2717 1148 2781 soli,
1166 2733 1201 2770 sc.
1220 2719 1291 2769 acei-

208 2786 319 2850 farunt,
342 2801 402 2838 cum
413 2788 465 2836 cibi
477 2783 725 2846 beatusuideretur‚
777 2784 829 2845 άίις
853 2783 894 2835 ein
919 2783 984 2836 auch
1007 2784 1047 2836 bei
1070 2784 1119 2836 den
1138 2786 1214 2838 Alten
1233 2787 1291 2838 sehr

209 2856 319 2908 Socrate
343 2855 494 2920 disputante
525 2855 551 2901 et
578 2854 617 2916 ei,
646 2865 726 2916 qnam
777 2850 968 2917 gewbhnlicber
985 2849 1152 2919 Trostgrund
1189 2853 1224 2906 So
1242 2853 1290 2905 Eu·

208 2927 288 2974 miser
305 2927 379 2987 esset,
395 2922 593 2972 demonstrante
613 2920 725 2981 [levina.
775 2919 885 2984 ripides:

208 2989 346 3042 Entweder
368 2990 412 3040 bnt
430 2988 481 3040 Cic.
503 2988 573 3038 dieue
591 2985 725 3038 Auelrdote
794 2981 1291 3058 Ptyvucmdvdpoinempnd’dnep
1381 3033 1382 3042 ,

209 3073 256 3110 aus
268 3057 338 3109 einer
350 3072 399 3108 uns
418 3056 553 3108 verlorneu
566 3053 656 3114 Quelle
670 3060 726 3104 eut·
1048 3059 1153 3125 ps'epne

209 3125 290 3188 lehnt,
309 3123 370 3176 oder
387 3123 475 3176 Platos
492 3121 655 3187 Darstelluug
673 3120 727 3184 (Al-
794 3116 877 3193 c'tlyea,
895 3126 986 3175 nonnis
1000 3121 1055 3194 γὰρ
1072 3118 1149 3176 odeo
1167 3121 1290 3192 πρόσκει-
1381 3115 1382 3122 ’

210 3193 259 3245 cib.
271 3192 290 3244 l.
302 3207 328 3258 p.
341 3190 398 3244 illd
415 3191 476 3243 oder
489 3188 607 3257 Sympos.
626 3204 651 3254 p.
665 3191 725 3253 215)
1053 3209 1100 3244 σαι
1116 3190 1194 3258 μόνη.

210 3260 258 3314 aui
273 3260 344 3312 scine
362 3258 449 3311 Weise
468 3255 689 3322 ausgeschmdclrt.
780 3255 857 3309 Ouid:
877 3257 1001 3310 Solamen
1014 3263 1119 3310 miseris
1135 3264 1222 3312 socios
1246 3263 1291 3312 Aa·

244 3329 315 3380 nihil
349 3329 465 3379 bominis
495 3319 633 3376 ‘durcheus
668 3323 727 3376 hein
782 3327 867 3376 luisse
884 3327 1025 3381 malcrum.

211 3396 316 3450 blensch
333 3397 395 3460 (wie
412 3411 440 3447 er
458 3395 513 3447 sein
530 3387 635 3455 solltel‘.
817 3395 856 3446 16.
873 3398 905 3444 ut
921 3394 994 3447 dmi:
1013 3398 1054 3459 25,
1073 3397 1113 3448 60.

245 3470 268 3519 5.
285 3482 357 3516 ca—
371 3465 530 3527 adlliemet,
549 3459 590 3512 fuir
607 3460 729 3522 adflicta·
762 3470 764 3474 ’
817 3465 856 3514 19.
872 3464 1092 3528 praedicandum,
1111 3462 1165 3514 hier
1182 3463 1233 3515 wie
1251 3465 1290 3526 24,

209 3538 287 3585 retur
298 3535 349 3596 tat,
362 3535 413 3598 cd),
426 3533 460 3585 ist
472 3531 566 3588 sellem
580 3526 612 3578 ad
624 3526 676 3579 Are
689 3526 727 3581 lll.
780 3531 813 3582 58
824 3555 856 3575 =
866 3532 1051 3596 seponendum
1060 3529 1102 3584 od.
1112 3531 1291 3593 allbrmdum3

212 3603 256 3666 12,
270 3605 297 3655 1:
314 3602 364 3652 Hic
376 3606 406 3652 tu
421 3617 463 3652 me
475 3612 592 3659 nomas,
606 3597 678 3662 quod
687 3611 729 3645 ane
781 3597 932 3665 Chrysippi,
945 3614 980 3650 sc.
993 3601 1148 3662 annuntio,
1160 3615 1181 3651 s.
1194 3601 1236 3663 31,
1251 3602 1290 3651 ld.

209 3670 352 3732 adflictum.
814 3667 850 3717 ad
876 3671 1015 3718 ueritatem
1039 3667 1093 3719 hier
1116 3682 1145 3719 so
1169 3667 1291 3731 viel-wie

245 3740 269 3788 9.
288 3737 414 3804 Lyconis.
441 3736 468 3790 L.
487 3751 534 3789 uus
548 3730 637 3795 Trous,
656 3729 726 3782 sua·
775 3725 813 3785 ‘in
826 3734 870 3785 der
879 3733 997 3800 Theorie,
1009 3738 1038 3786 in
1050 3726 1203 3788 abstracto’.
1225 3733 1292 3786 Uber

212 3799 260 3855 tos’
274 3803 428 3870 Nacbfolger
439 3804 474 3855 im
483 3804 594 3872 Lyceum
607 3799 633 3851 in
642 3799 727 3850 Athen
778 3802 816 3853 ad
832 3798 867 3852 'in
881 3801 997 3855 llinsiebt
1014 3795 1067 3854 aul'
1084 3803 1126 3855 bei
1138 3801 1291 3868 Adjelrtiven
1380 3839 1381 3842 ,

211 3872 276 3936 (also
284 3867 727 3940 Peripatetilrer)‚durehBeredsam-
778 3885 798 3921 ε.
817 3868 845 3923 11.
864 3872 889 3935 6,
909 3873 948 3924 15.
