2804 4474
403 193 407 200 “
470 229 900 299 trsrnrv.11,no.es.n,ss.
1184 233 1224 292 69

144 396 399 483 μισάνθρωπος
425 402 606 483 appellatur,
639 410 673 464 ut
694 403 905 485 inhospitalitas
931 413 993 478 est,
1024 423 1099 484 quae
1122 425 1227 470 omnes
1255 439 1259 444 ·

143 487 364 566 aegrotationes
388 488 478 549 animi
501 507 538 549 ex
559 487 687 567 quodam
708 498 788 550 metu
813 497 980 552 nascuntur
998 508 1100 551 earum
1114 508 1226 567 rerum,

142 573 360 654 quas'lugiunt
383 582 413 634 et
429 572 566 634 oderunt.
596 572 749 635 Definiunt
769 582 866 636 autem
890 575 980 637 animi
1003 579 1227 655 aspratatiannn
1251 587 1279 638 n

143 657 349 736 opinationem
373 658 577 720 vehementem
593 659 676 719 dere
693 677 754 719 non
773 660 955 739 expetenda,
981 667 1129 740 tamquam
1144 661 1228 722 vaide

104 753 121 802 a
145 742 313 821 expetenda
335 743 389 817 sit,
419 743 625 804 inhaerentem
647 751 677 804 et
700 744 822 823 penitus
843 744 972 806 insitam.
1019 745 1105 817 Quod
1128 754 1227 808 autem

145 827 331 889 nascituras
353 829 511 910 offensione
533 828 573 890 ita
595 827 758 903 deliniunt,
783 828 955 908 opinionem
969 830 1175 892 vehementem
1192 830 1229 892 de

144 931 178 974 re
200 931 263 973 non
286 912 426 992 fugienda
448 913 654 974 inhaerentem
676 921 706 974 et
728 913 849 992 penitus
869 913 990 976 insitam
1012 923 1162 995 tamquam
1182 917 1196 976 i
1216 949 1228 962 ·

146 997 271 1076 gienda;
293 999 366 1060 haee
389 1004 488 1059 autem
505 998 637 1077 opinatio
654 1005 698 1059 est
712 997 853 1059 iudicatio
868 1017 900 1060 se
917 1001 993 1062 seire
1009 1003 1089 1080 quod
1105 1001 1228 1064 nesciat.

145 1081 344 1162 depratationi
363 1091 460 1144 autem
482 1083 550 1144 talia
575 1083 718 1161 quaedam
740 1083 872 1144 subiecta
892 1093 977 1146 sunt:
1001 1089 1144 1159 avaritia,
1164 1092 1230 1148 ani-

91 1175 122 1228 10
147 1167 233 1238 ditio,
257 1169 466 1241 mulierositas,
488 1171 668 1248 peruicacia,
692 1168 857 1247 liquentia,
881 1169 1058 1240 vinulentia,
1081 1173 1228 1252 cuppedia,

146 1260 176 1313 et
196 1253 222 1314 si
238 1271 295 1331 qua
310 1253 424 1314 similia.
459 1253 512 1315 Est
532 1259 631 1314 autern
651 1253 770 1314 avaritia
785 1252 917 1332 opinatio
934 1253 1093 1316 vehemens
1117 1256 1153 1317 de
1176 1275 1229 1336 pe·

148 1337 253 1412 cunia,
280 1338 365 1416 quasi
388 1337 470 1399 valde
492 1337 730 1419 expetendam,
759 1337 920 1399 inhaerens
941 1345 970 1399 et
990 1339 1110 1418 penitn's
1131 1340 1229 1413 insita,

149 1422 313 1502 similisque
325 1431 370 1484 est
381 1423 514 1485 eiusdem
532 1423 652 1502 generis
666 1423 799 1485 delinitio
814 1423 1005 1502 reliquarum.
1029 1422 1229 1506 offensionum
1251 1434 1280 1485 tt

150 1515 250 1568 autem
272 1507 460 1569 definitiones
482 1516 554 1570 sunt
576 1507 753 1582 eiusmodi,
784 1515 818 1568 ut
837 1507 1048 1588 inhospitalitas
1068 1509 1106 1570 sit
1127 1509 1229 1589 opinio

98 1601 127 1654 to
149 1593 311 1654 vehemens
322 1592 404 1653 valde
416 1592 590 1672 fugiendum
603 1611 668 1654 esse
683 1593 832 1672 hospitem
848 1611 940 1672 eaque
957 1593 1117 1656 inhaerens
1133 1602 1163 1655 et
1176 1612 1230 1674 pe·

151 1677 235 1739 nitus
253 1677 357 1751 insita,
373 1676 568 1756 similiterque
579 1677 720 1738 delinitur
736 1685 765 1738 et
779 1675 934 1739 mulierum
949 1678 1057 1752 odium,
1072 1686 1105 1740 ut
1117 1678 1231 1760 Hippo·

150 1761 214 1842 lpti,
230 1771 269 1836 et,
285 1770 319 1823 ut
333 1762 477 1836 Timonis,
491 1767 601 1841 amors's
614 1763 744 1824 humani.

239 1848 335 1925 Atque
350 1855 384 1908 ut
398 1848 433 1908 ad
448 1846 623 1908 valetudinis
639 1846 862 1909 similitudinem
877 1845 1029 1908 veniamus
1050 1864 1143 1925 eaque
1155 1864 1229 1907 con·
1246 1851 1282 1909 11

152 1931 265 1994 latione
285 1940 403 1994 utamur
424 1932 598 2012 aliquando,
623 1933 675 1994 sed
696 1932 829 2012 parcius,
852 1949 940 2010 quam
956 1931 1054 1992 solent
1069 1930 1175 2006 Stoici,
1197 1941 1232 1992 ut

99 2027 131 2078 nu
152 2024 225 2080 sunt
241 2016 290 2077 alii
312 2017 348 2077 ad
371 2016 443 2079 alios
463 2016 585 2078 morbos
608 2016 815 2097 procliviores,
832 2016 932 2094 itaque
957 2015 1082 2078 dicimus
1098 2015 1231 2096 gravedi-

155 2201 226 2265 zen,
250 2200 363 2253 welches
381 2201 460 2265 jeden
484 2201 601 2254 Verlrelu
622 2201 669 2253 mit
753 2216 781 2250 sa
803 2202 882 2252 sciro.
921 2200 956 2252 Sc
981 2200 1016 2252 ist
1042 2197 1086 2252 der
1110 2200 1232 2253 tenerive

154 2269 267 2322 anderen
280 2267 419 2321 hienschen
434 2268 510 2334 nied,
528 2268 607 2321 durch
620 2268 668 2322 Lu·
720 2267 781 2320 Ace.
805 2268 870 2320 auch
896 2283 948 2320 von
972 2267 1030 2319 dem
1052 2267 1133 2321 iudet.
1152 2261 1232 2334 ‘msn‚

155 2337 213 2390 eian
231 2337 258 2387 iu
277 2337 360 2388 einem
380 2337 471 2403 eignen
489 2336 597 2404 Dialoge
609 2353 668 2389 vor·
721 2327 808 2388 einer'.
835 2334 892 2402 Vgl.
905 2337 971 2389 oben
990 2339 1015 2398 9,
1025 2339 1071 2390 2οι
1088 2341 1146 2388 sina
1163 2337 1233 2388 (ὀιο-

156 2403 267 2458 trefflich
284 2403 449 2470 geschildert.
722 2406 840 2456 lumento
857 2420 919 2469 saa,
942 2404 994 2457 und
1018 2421 1050 2456 an
1067 2405 1105 2458 111.
1126 2408 1166 2470 16,
1184 2407 1231 2457 34:

193 2476 215 2526 1.
234 2488 345 2538 quas-
362 2476 560 2538 aegrotationes
577 2475 670 2537 animi,
721 2473 792 2524 nihil
812 2489 874 2523 sess.

155 2539 213 2592 hier
234 2539 270 2592 im
288 2541 395 2592 weitern
413 2539 504 2604 Smne,
525 2539 557 2590 da
580 2555 607 2592 er
625 2540 671 2592 das
757 2543 781 2593 9.
794 2539 862 2591 talia
875 2541 1020 2606 quaedam:
1033 2542 1100 2592 elwa
1111 2539 1233 2605 totgende

156 2609 251 2673 meint,
275 2623 329 2660 was
348 2623 374 2660 er
396 2608 490 2659 vorher
512 2608 671 2670 offensiones
722 2607 858 2689 Zustinde.
918 2676 946 2690 Η
1192 2677 1197 2688 Ι

157 2679 364 2806 gethallhliniunt
371 2771 405 2782 -
415 2745 500 2795 animi
509 2746 672 2807 aegrotatio·
722 2675 969 2807 tellerlillissllllh
984 2674 1233 2806 =culphilslliaamitiliani

157 2827 226 2864 rtem.
254 2812 305 2864 (lic.
320 2810 492 2863 verwechselt
503 2809 618 2862 olienbas
629 2809 670 2862 die
723 2813 802 2875 capio
820 2808 872 2860 und
887 2809 983 2873 odere),
1001 2805 1234 2873 Naschhattigkeit‚

158 2883 312 2946 aegrotatio
336 2879 382 2931 init
400 2880 457 2931 dem
474 2880 595 2944 onorius,
618 2893 670 2930 von
722 2874 848 2945 φιλοψία.

158 2948 285 3000 walchem
314 2948 370 2999 hier
395 2947 436 2998 die
462 2945 600 2999 Definition
627 2961 672 3011 ge·
758 2946 797 2998 16.
820 2943 995 3011 Hippolytus,
1022 2942 1066 2994 der
1090 2941 1161 2995 Sohn
1188 2944 1234 2996 des

158 3017 242 3082 geben
256 3015 328 3068 wird.
347 3014 406 3081 Vgl.
422 3015 494 3082 Diog.
507 3014 533 3066 L.
547 3012 596 3065 Vll.
609 3017 669 3066 115:
722 3011 852 3075 Theseus,
880 3010 926 3063 der
952 3011 990 3062 als
1018 3011 1060 3063 ein
1087 3010 1164 3078 Opler
1189 3011 1235 3064 der

157 3082 268 3169 ndanpcg
289 3081 375 3148 οἴησις
396 3077 505 3152 σφόδρα
529 3076 672 3134 δοκοῦντος
722 3078 1233 3161 RachsuchtseinerStielmutterPhidra

160 3168 317 3282 nagnam
333 3223 422 3270 autern
435 3221 559 3269 nascitur
571 3234 606 3268 sa
622 3219 671 3270 cel.
722 3147 799 3268 lintellis
809 3147 903 3268 lhsiheul
914 3147 1233 3282 zlllrdhkheerrlleesctlllhlhlllg

159 3286 264 3338 Wieder
277 3287 334 3338 eine
345 3285 553 3352 Ungenaniglreit
562 3285 671 3348 Ciceros,
723 3283 781 3349 Vgl.
794 3282 880 3349 Enrip.
896 3283 998 3352 Hippoi.
1012 3299 1035 3336 v.
1052 3288 1083 3337 10
1093 3300 1131 3351 sq.

158 3355 191 3407 da
202 3355 243 3406 die
257 3355 368 3417 offensio
380 3355 462 3406 selbst
473 3353 524 3406 und
537 3352 671 3417 nimidas,
760 3353 799 3405 18.
824 3353 925 3417 Atque,
949 3353 999 3404 wie
1016 3351 1054 3406 ill.
1075 3355 1114 3416 13,
1133 3353 1179 3413 ts;
1203 3367 1234 3403 so

85 3421 90 3435 ⁸
159 3437 216 3474 was
242 3437 289 3474 aas
315 3423 356 3473 ihr
373 3422 545 3488 hervosgeht,
574 3420 672 3473 erhlisrt
724 3419 790 3472 auch
807 3423 887 3472 nnten
907 3423 947 3484 13,
966 3422 1007 3472 30.
1040 3419 1099 3486 Vgl.
1117 3419 1183 3470 auch
1200 3434 1234 3470 nu

159 3489 266 3542 werden
284 3489 342 3542 soll.
723 3488 760 3539 111.
784 3491 808 3550 l,
834 3491 879 3540 14:
904 3491 1039 3553 quoniam.
1078 3486 1234 3550 Aliquando

196 3560 219 3611 8.
238 3560 304 3609 haec
321 3562 409 3609 autom
421 3559 541 3624 opinatio
555 3557 616 3623 geht
629 3555 675 3608 sal
723 3557 774 3608 wie
792 3554 830 3608 lll.
843 3557 883 3619 32,
894 3559 934 3608 l't.
960 3555 1008 3606 Ein
1021 3552 1156 3620 Vergleich
1172 3554 1234 3604 zwi-

159 3623 671 3690 beideangeidhrtehrtenderapinatio.
723 3625 801 3676 schen
829 3623 956 3690 geistigen
980 3622 1032 3674 und
1056 3621 1234 3688 kdrperlichen

195 3694 328 3745 indicatio
341 3693 521 3745 tdrindiciun
531 3692 592 3758 (egl.
604 3695 627 3755 t,
640 3695 671 3744 15
724 3691 868 3743 Znstinden
892 3691 927 3742 ist
943 3691 1066 3755 dirigens
1084 3690 1164 3741 sehon
1182 3689 1236 3741 ein·

160 3778 192 3814 nn
205 3763 345 3828 opinatio),
355 3760 480 3813 obediatis
490 3775 539 3812 neu
550 3759 673 3826 gebildet,
724 3760 775 3812 mal
794 3759 825 3810 ds
844 3772 979 3825 genesen:
1000 3761 1040 3820 10,
1051 3759 1092 3810 23.

161 3830 212 3882 wie
225 3831 406 3881 mulierositas
417 3828 469 3880 und
481 3828 612 3894 mappeaia
621 3827 673 3880 und
760 3831 800 3880 10.
818 3829 910 3892 itaque
927 3819 988 3878 ‘und
1004 3826 1055 3878 wie
1073 3825 1121 3878 wir
1137 3826 1164 3877 in
1182 3824 1234 3877 dle·

161 3899 223 3966 §28
241 3899 336 3965 lapsis,
354 3898 508 3963 despicatio.
725 3910 766 3947 ser
783 3894 931 3960 Beziehung
948 3887 998 3946 —'.
