2822 4462
467 198 560 252 uben
577 200 595 254 1.
615 203 655 264 13,
673 203 715 254 30.
735 204 775 266 14,
793 205 835 257 31,
854 206 895 256 32.
1178 208 1217 265 47

137 370 275 452 lugubris
288 371 459 434 lamentatio
471 373 618 452 datusque
629 391 767 437 maerens
778 393 815 436 ex
827 394 862 436 eo
875 386 928 451 est,
944 379 1025 456 quod
1036 398 1114 453 eum,
1131 398 1218 459 quem

137 457 307 528 dileximus,
322 458 398 519 vitae
409 458 574 520 commodis
584 459 731 538 privatum
741 460 919 524 arbitramur
931 462 1019 542 idque
1031 466 1151 527 sentire.
1167 466 1218 526 At·

138 562 196 622 que
207 543 285 604 haee
296 543 335 604 ita
343 543 488 606 sentimus
496 545 695 618 menradum,
706 545 788 608 nulla
798 547 913 609 ratione
926 549 1217 628 nullaquodoetrina.

223 627 396 690 Maxumum
423 647 493 691 vero
522 639 731 709 argumentum
760 643 806 694 est
831 641 968 694 naturam
990 634 1082 714 ipsam
1105 635 1141 696 de
1163 636 1266 698 im·14

101 727 116 774 a
138 714 319 775 mortalitate
348 715 517 777 animorum
545 716 665 776 tacitam
686 715 832 792 iudicare,
860 718 940 798 quod
969 721 1108 782 omnibus
1130 739 1219 782 curae
1240 734 1269 784 81

137 809 209 861 sunt
224 809 254 860 ct
269 818 424 862 maxumae
439 800 568 880 quidem,
584 819 660 881 quae
676 813 744 881 post
759 810 885 864 mortem
900 805 999 866 futura
1015 806 1084 868 sint.

356 883 435 948 Seria
448 886 575 958 arbores,
591 905 662 966 quoe
676 885 764 950 alters·
777 888 868 950 saeclo
881 893 1003 970 prosint,

138 980 171 1032 ut
184 970 226 1032 ait
241 971 291 1032 ille
307 971 337 1032 in
354 970 550 1051 Synephebis,
567 972 637 1050 quid
649 981 789 1052 spectans
801 973 856 1035 nisi
869 975 956 1036 etiam
972 986 1090 1055 postera
1102 976 1218 1038 saecula

138 1056 173 1117 ad
188 1075 222 1118 so
237 1055 412 1137 pertinere?
442 1055 522 1135 Ergo
544 1056 667 1120 arbores
689 1066 769 1120 seret
790 1058 918 1138 diligens
932 1061 1070 1139 agricola,
1093 1080 1217 1140 quarum

90 1153 116 1201 10
137 1141 264 1222 aspiciet
277 1141 379 1203 bacam
395 1141 460 1221 ipse
475 1161 654 1221 numquam:
678 1143 723 1204 vir
737 1161 866 1224 magnus
878 1144 967 1225 leges,
989 1147 1132 1221 instituta,
1154 1164 1217 1208 rem

137 1226 289 1306 publicam
301 1246 363 1288 non
375 1225 477 1288 seret?
500 1227 577 1298 Ouid
589 1229 758 1307 procreatio
770 1229 942 1306 liberorum,
959 1232 1029 1309 quid
1044 1231 1218 1312 propagatio

137 1312 279 1387 nominis,
303 1312 374 1391 quid
395 1312 600 1394 adoptationes
622 1314 760 1390 filiorum,
793 1315 863 1394 quid
885 1324 1131 1378 testamentorum
1153 1316 1220 1378 dili-

137 1398 255 1476 gentia‚
279 1397 350 1476 quid
372 1398 436 1478 ipsa
457 1397 664 1478 sepulcrorum
686 1410 898 1476 monumenta,
927 1401 1020 1480 elogia
1049 1401 1218 1481 significant

138 1483 196 1545 nisi
212 1502 270 1544 nos
284 1484 384 1545 sutura
407 1483 493 1544 etiam
510 1482 660 1563 cogitare?
690 1482 789 1555 Quid?
811 1485 885 1548 illud
906 1504 978 1548 num
993 1486 1119 1562 dubitas,
1145 1487 1217 1566 quin
1240 1503 1268 1552 32

88 1577 115 1627 15
136 1568 290 1648 specimen
314 1576 437 1630 naturae
460 1569 525 1648 capi
548 1569 650 1631 deceat
670 1589 707 1632 ex
722 1570 831 1650 optima
848 1589 964 1650 quaque
980 1571 1108 1634 natura?
1135 1572 1218 1644 Quae

138 1664 182 1716 est
205 1654 311 1715 melior
332 1653 424 1734 igitur
445 1655 477 1715 in
501 1654 654 1716 bominum
678 1673 788 1734 genere
810 1665 916 1718 natura
932 1675 1020 1737 quam
1036 1676 1150 1732 eorum,
1166 1658 1216 1736 qui

137 1759 169 1801 se
185 1749 272 1802 natos
286 1740 322 1800 ad
338 1739 475 1802 homiues
489 1740 642 1816 iuvandos,
662 1740 812 1816 tutandos,
834 1744 1056 1804 conservandos
1071 1743 1217 1803 arbitran-

137 1891 231 1956 lugere
257 1890 307 1942 den
333 1889 420 1943 leuton
446 1889 582 1944 Ausdruek
605 1889 651 1942 des
703 1888 1217 1958 untergeordnetenSatzaiskoordinier-

137 1957 289 2011 Scbmerzes
300 1958 365 2011 taber
376 1957 556 2013 Verstorbene.
575 1958 650 2010 biso:
702 1963 745 2011 ten
763 1974 796 2010 nu
814 1957 958 2010 bebandeln
982 1958 1034 2011 und
1052 1959 1100 2011 den
1120 1959 1217 2024 cigent-

136 2027 210 2080 Aucb
236 2025 281 2079 der
305 2026 532 2094 Spraebgebraueh
553 2027 652 2094 sprieht
701 2027 787 2079 lieben
796 2025 938 2093 Hauptsatz
948 2027 1014 2080 ohne
1023 2026 1217 2093 Verbindungs-

138 2095 178 2148 isar
196 2095 238 2147 die
257 2094 411 2161 allgemeine
427 2092 561 2147 Annabme
580 2095 652 2147 einer
702 2094 812 2162 pertikel
836 2094 924 2162 tolgan
950 2111 982 2147 zu
1003 2095 1100 2148 lusson.
1140 2094 1218 2148 Jener
1244 2110 1245 2114 ¹

136 2163 279 2216 liertdauer
297 2164 341 2216 der
358 2163 443 2216 Seele.
701 2163 809 2231 beginnt
825 2164 873 2216 mit
890 2179 964 2230 ergo,
983 2164 1033 2217 wie
1051 2164 1107 2216 bier
1123 2164 1175 2216 und
1188 2163 1217 2218 ll.

173 2236 196 2285 1.
216 2248 252 2284 ear
270 2248 313 2294 eo,
331 2232 384 2298 egl.
404 2233 445 2295 12,
463 2233 495 2283 28
513 2229 565 2283 und
583 2229 650 2283 Pbii.
703 2235 800 2297 tt,at;
812 2231 848 2287 ib.
862 2236 903 2298 14,
915 2235 962 2294 34;
975 2231 1038 2285 oder
1049 2233 1096 2286 mit
1107 2249 1153 2300 an,
1166 2233 1216 2285 wie

138 2299 262 2365 vt.1,t:
280 2316 362 2352 causa
380 2328 413 2340 -
430 2296 595 2360 feiteeeo.
704 2299 735 2354 V.
750 2303 842 2361 14,42
860 2317 884 2353 u.
898 2316 922 2354 a.
964 2299 1024 2366 Vgl.
1047 2301 1114 2356 noch
1138 2301 1217 2354 auli.

171 2371 499 2422 brostin-sentimus.
526 2366 651 2420 basselbe
704 2371 751 2434 20,
769 2371 809 2423 46.
828 2397 861 2408 -
884 2367 930 2420 Die
952 2367 1086 2436 Metapbor
1107 2369 1142 2420 ist
1164 2369 1219 2421 bier

136 2437 279 2504 Wortspiel
290 2436 484 2500 (Wiederhoiun
514 2435 651 2488 desselben
704 2437 831 2490 naturiicb
849 2436 928 2489 dureb
941 2436 986 2488 des
1003 2437 1154 2503 vorbergeb.
1173 2453 1217 2488 ar·

137 2505 241 2559 Wortes
250 2505 276 2556 in
287 2450 652 2570 verschiedenerffiedeutung,
704 2507 780 2556 dores
791 2510 862 2557 seret
873 2505 1022 2572 veraniasst,
1041 2505 1108 2558 doeh
1119 2505 1218 2558 kommt

137 2576 286 2638 traductio)
304 2575 458 2638 s.45‚108;
477 2572 530 2638 rgl.
548 2575 590 2637 40,
603 2575 652 2624 95:
704 2573 741 2625 sie
760 2573 824 2625 aueb
843 2577 983 2638 sonetum,
1002 2589 1024 2627 e.
1037 2574 1066 2626 B.
1080 2574 1111 2624 de
1123 2588 1177 2638 rep.
1188 2572 1217 2624 11.

137 2643 222 2694 tocius
235 2671 267 2680 —
281 2643 454 2706 leuitati;47‚
468 2643 530 2693 112:
548 2643 653 2692 ornasti
705 2644 729 2706 3,
742 2643 772 2692 5:
790 2641 854 2692 urbi
870 2646 960 2691 autem
978 2642 1064 2693 locum
1082 2641 1218 2704 Romulus,

137 2741 170 2750 -
190 2715 412 2764 maceratns.
703 2709 776 2774 quod
792 2713 832 2758 eet
848 2710 882 2770 ei,
900 2711 947 2773 qut
959 2709 1116 2759 dictamum
1134 2723 1216 2772 remp.

171 2783 195 2832 t.
223 2780 297 2832 Seria
313 2784 362 2832 cet.
397 2775 537 2830 Entweder
562 2790 652 2828 waren
702 2793 790 2828 serem
812 2775 981 2842 (begrdnden)
1004 2780 1134 2842 conatur,
1156 2775 1217 2826 ditt-

136 2863 165 2900 es
185 2849 289 2899 Cretici:
428 2874 462 2884 —
477 2845 550 2896 seret
700 2847 857 2912 gentiestma
871 2845 1082 2908 procidendum,
1101 2844 1217 2895 incredi-

136 2913 272 2980 'Arbores,
291 2931 360 2982 quae
371 2913 454 2966 datos·
471 2910 577 2964 saeculo
587 2913 651 2979 prd-
703 2914 753 2964 bili
769 2913 972 2978 opportunitate
989 2913 1097 2978 delegit.

480 2983 551 3032 sient
740 2984 779 3034 ta.
807 2981 949 3046 dapenna
983 2981 1135 3048 sougsaitige
1164 2981 1217 3033 Ab·

137 3050 199 3103 oder
215 3050 339 3104 Jamben:
549 3047 651 3114 [ditari.
704 3051 818 3115 tessung.

153 3120 229 3173 Serit
240 3119 351 3172 deberes
365 3136 433 3186 puae
445 3115 533 3170 cadelo
544 3122 654 3184 prosint
739 3121 779 3172 13.
797 3123 983 3184 monumenta,
1002 3117 1100 3184 elogia.
1133 3117 1217 3170 Dutch

136 3186 258 3241 Derselbe
281 3187 346 3240 Vers
369 3188 439 3241 steht
462 3187 527 3238 aueb
546 3188 600 3241 dat.
618 3185 652 3238 tt.
703 3185 745 3239 die
763 3185 940 3251 Erweiterung
962 3187 1007 3238 des
1032 3186 1127 3240 ietsten
1150 3185 1218 3238 Giie·

136 3261 161 3323 t,
172 3260 214 3310 24.
703 3254 749 3307 des
767 3253 819 3306 und
837 3256 882 3306 das
902 3254 1053 3321 Asyndeton
1071 3255 1133 3320 (egl.
1143 3254 1180 3306 111.
1194 3259 1221 3319 3,

170 3328 194 3379 8.
213 3331 246 3377 ut
263 3323 367 3388 attilio,
379 3321 652 3376 nantoietmbrama
704 3327 731 3384 ὃς
750 3322 782 3376 V.
801 3325 849 3388 31,
872 3325 915 3386 et)
937 3324 1053 3388 gewinnt
1071 3323 1115 3374 der
1137 3337 1217 3387 gance

136 3393 299 3460 eingefdbrte
317 3391 424 3444 Person.
458 3390 517 3457 Vgl.
534 3394 576 3455 44,
591 3394 652 3444 too:
702 3389 825 3444 Gedanke
847 3406 879 3442 an
898 3390 1017 3444 Gewicbt
1039 3389 1091 3442 und
1114 3388 1217 3444 Patbos.

136 3463 194 3514 ilia.
218 3491 251 3500 -
276 3463 436 3530 Συνέφηβοι
461 3451 513 3510 ‘die
538 3458 652 3525 dugend-
738 3461 1077 3525 tequeaomnipotens:
1096 3455 1153 3508 deis
1171 3455 1217 3508 das

138 3521 267 3595 treunde',
284 3529 342 3582 eine
356 3527 537 3581 Kombdiedes
548 3526 652 3579 Menan·
704 3527 811 3579 Vorbiid
828 3527 884 3592 (der
901 3526 1002 3594 Typus)
1020 3525 1091 3576 eines
1109 3523 1219 3577 Weseus

137 3596 190 3661 der,
208 3597 310 3651 welobe
329 3595 429 3649 Statius
446 3596 557 3648 (basilius
575 3597 652 3662 (gest.
704 3611 757 3648 von
774 3594 831 3648 dem
854 3595 945 3646 besten
965 3592 1060 3644 Wesen
1082 3592 1216 3645 desselben

140 3668 197 3731 168)
214 3667 256 3718 ius
274 3664 435 3718 Lateiniscbe
453 3665 585 3730 bbertrug.
704 3665 751 3716 Art
768 3670 933 3716 entnommen
953 3659 1055 3712 werden
1068 3661 1145 3713 muis.
1172 3661 1219 3712 biit

172 3737 196 3789 9.
232 3736 344 3786 arbores
368 3738 438 3784 serm
462 3761 505 3798 -‚
531 3733 653 3797 leges-
704 3730 749 3784 der
774 3732 854 3798 Frage
877 3731 964 3795 Quid?
988 3728 1059 3780 iilud
1081 3734 1132 3784 eet.
1155 3729 1220 3780 wird

140 3819 192 3855 non
203 3806 291 3855 seret?
308 3802 337 3855 ln
349 3801 407 3853 dem
420 3806 654 3867 argumentantes
704 3799 775 3852 nieht
793 3801 834 3852 cin
850 3814 928 3852 neues
941 3799 1090 3864 Argument,
1108 3796 1218 3850 sondcrn

139 3875 278 3924 contrario
296 3871 379 3938 pflegt
392 3869 478 3922 Cicero
490 3869 540 3921 den
551 3867 652 3934 logisoh
704 3869 761 3920 eine
790 3867 942 3934 Erginzung
978 3864 1029 3918 und
1065 3864 1218 3931 Steigerung
