2790 4476
204 245 266 302 148
578 243 672 296 LIBER
689 243 718 300 ll.
737 245 777 305 Ἡ,
796 245 907 298 65-67.

203 418 326 479 virihter
341 437 403 479 non
420 426 543 496 queunt.
574 415 677 478 Graeci
694 426 793 478 antem
807 416 953 489 homines,
977 435 1038 476 non
1059 415 1128 476 satis
1143 413 1285 487 animosi,

203 504 375 584 prudentes,
398 512 432 563 ut
453 512 498 564 est
513 510 616 583 captus
638 502 802 574 hominum,
825 502 904 576 satis,
927 502 1043 562 hostem
1061 500 1195 580 aspicere
1221 519 1287 560 non

205 597 345 668 possunt;
361 588 455 649 eidem
471 587 592 648 morbos
603 588 767 648 toleranter
777 595 866 666 atque
876 587 1006 648 humane
1018 587 1129 647 ferunt.
1152 588 1191 646 At
1204 584 1287 646 Cim-

207 675 251 735 bri
268 684 298 735 et
313 672 452 735 Celtiberi
466 673 497 734 in
513 672 634 753 proeliis
650 673 806 747 exsultant,
821 672 1023 734 lamentantur
1038 671 1068 732 in
1085 671 1203 732 morbo.
1235 671 1289 731 Ni·

206 760 247 820 hil
262 759 341 820 enim
363 767 460 839 potest
480 777 544 820 esse
559 758 723 838 aequabile,
745 757 826 837 qnod
846 778 906 820 non
924 776 940 818 a
956 757 1173 820 deieratione
1190 757 1286 836 profi-
1309 768 1323 816 5

207 846 343 908 ciscatur.

152 943 184 992 ab
292 930 349 991 Sed
365 947 434 990 cum
448 926 546 990 videas
561 947 623 1001 eos,
647 928 698 1006 qui
712 938 763 989 aut
777 927 874 990 studio
897 937 947 988 aut
963 926 1105 1007 opinione
1127 927 1289 1000 ducantur,

208 1017 238 1076 in
255 1033 291 1075 eo
307 1013 514 1093 persequendo
536 1023 625 1093 atque
641 1013 830 1094 adipiscendo
847 1013 949 1074 dolore
966 1032 1027 1074 non
1046 1012 1156 1092 frangi,
1179 1011 1290 1072 debeas

208 1100 374 1162 existimare
397 1108 447 1159 aut
464 1117 526 1159 non
549 1117 614 1160 esse
629 1098 738 1160 malum
753 1098 886 1160 dolorem
902 1107 961 1171 aut,
985 1099 1071 1159 etiam
1086 1097 1120 1171 si,
1143 1096 1288 1176 quicquid

208 1203 347 1265 asperum
375 1184 566 1263 alienumque
597 1193 701 1246 natura
731 1185 784 1257 sit,
811 1184 840 1244 id
866 1183 1008 1263 appellari
1030 1183 1145 1263 placeat
1168 1183 1288 1255 malum,
1310 1193 1335 1241 tn

208 1270 356 1331 tantulum
379 1279 479 1330 tamen
502 1288 582 1342 esse,
611 1277 644 1330 ut
666 1288 682 1330 a
704 1269 811 1331 virtute
840 1269 879 1329 ita
901 1267 1055 1342 obruatur,
1083 1277 1289 1347 utnusquam

208 1365 359 1436 appareat.
390 1354 472 1426 Quae
494 1353 646 1428 meditare,
670 1373 797 1434 quaeso,
819 1355 882 1416 dies
905 1363 934 1414 et
957 1355 1068 1428 noctis;
1097 1353 1186 1414 latius
1209 1353 1290 1414 enim

209 1441 341 1502 manabit
356 1441 429 1501 haec
451 1441 525 1500 ratio
548 1449 578 1504 et
599 1439 751 1518 aliquanto
774 1441 915 1501 maiorem
937 1439 1035 1500 locum
1059 1458 1148 1517 quam
1170 1439 1208 1499 de
1228 1457 1289 1498 uno

209 1526 313 1587 dolore
326 1524 493 1605 occupabit.
515 1525 588 1586 Nam
600 1525 624 1586 si
637 1526 736 1586 omnia
748 1525 905 1605 fugiendae
916 1525 1108 1604 turpitudinis
1120 1523 1288 1603 adipiscen-

210 1613 324 1691 daeque
343 1610 506 1672 honestatis
528 1627 616 1670 causa
638 1611 789 1683 faciemus,
812 1630 874 1671 non
898 1610 985 1671 modo
1008 1609 1143 1672 stimulos
1167 1608 1288 1680 doloris,
1308 1619 1332 1667 15

211 1696 263 1758 sed
279 1697 365 1758 etiam
376 1695 500 1756 fulmina
515 1695 653 1756 fortunae
665 1705 892 1757 contemnamus
907 1693 1016 1768 licebit,
1032 1694 1209 1775 praesertim
1222 1711 1289 1755 cum

158 1794 185 1842 ot
211 1792 346 1862 paratum
368 1781 407 1842 sit
420 1779 492 1842 illud
514 1799 550 1841 ex
565 1781 704 1842 hesterna
719 1781 918 1861 disputatione
940 1781 1120 1861 perfugium.
1150 1779 1190 1840 Ut
1210 1779 1289 1840 enim
1373 1801 1374 1810 ¹

213 1868 238 1930 si
260 1867 308 1929 cui
332 1866 496 1945 naviganti,
517 1867 685 1946 praedones
707 1867 732 1928 si
754 1867 966 1946 insequantur,
987 1867 1067 1946 ,deus
1089 1865 1141 1945 qui
1168 1864 1289 1926 dixerit:

213 2042 468 2102 ist‘Leidenschaft’
492 2051 527 2102 im
545 2050 725 2117 allgemeinen,
775 2051 794 2102 l.
807 2053 885 2113 265:
904 2053 953 2102 uie
965 2053 1079 2101 humane
1095 2053 1213 2116 patitur.
1232 2048 1289 2114 Vgl.

209 2119 303 2186 glonna
324 2109 510 2183 ‘Rnhmsucbt',
528 2120 578 2170 wie
596 2121 637 2183 20,
650 2121 692 2171 to.
774 2118 814 2172 lll.
825 2121 920 2183 tuat:
939 2121 1057 2170 bumana
1075 2120 1192 2169 humone
1210 2115 1289 2178 ferre.

250 2190 271 2239 l.
290 2190 397 2252 queunt,
416 2185 468 2238 fest
480 2201 527 2238 nnr
543 2187 570 2237 in
588 2187 726 2252 negativen
813 2188 913 2240 Oimdri
936 2191 963 2237 et
981 2187 1112 2240 Celtiberi.
1148 2185 1206 2237 Vel.
1225 2189 1289 2241 Μαι.

214 2253 309 2306 Sittzen
321 2253 470 2318 gebraucht,
487 2255 538 2305 wie
551 2253 616 2306 anch
629 2255 660 2305 de
673 2270 726 2319 rep.
776 2256 805 2308 ll.
824 2259 854 2318 6,
875 2260 920 2308 11:
944 2255 1052 2307 Alaea-ir
1074 2259 1101 2304 et
1124 2252 1207 2315 fortis
1226 2258 1290 2310 θίηι-

212 2322 240 2374 ll.
252 2323 315 2385 3‚6:
333 2323 487 2371 maritimus
497 2337 561 2373 uero
579 2323 627 2373 ilde
644 2325 729 2373 boetis
778 2327 888 2375 brorum
918 2327 944 2374 et
973 2323 1166 2375 Celtiberorum
1195 2325 1290 2390 (pbilo-

213 2393 277 2440 unte
286 2389 376 2439 adesce
385 2393 481 2453 potest,
493 2405 574 2454 quam
586 2393 728 2456 quisquam
776 2394 891 2457 sophia),
910 2394 957 2457 qui
972 2393 1002 2441 iu
1013 2395 1071 2442 acie
1087 2391 1193 2460 gaudio
1206 2391 1289 2446 exsul·
1372 2429 1373 2452 ,

214 2457 729 2524 venturumerseeuepieon'qucat.Ans
780 2463 883 2525 tabunt,
901 2465 1037 2525 tamquam
1052 2460 1173 2523 gloriose
1190 2465 1218 2510 et
1234 2462 1290 2525 feli·
1372 2475 1373 2542 p

215 2527 304 2577 diesen
317 2525 409 2577 beiden
423 2524 521 2577 Stellen
533 2526 569 2577 ist
581 2525 626 2578 der
637 2525 730 2578 Unter-
781 2531 850 2579 citer
866 2532 922 2578 vita
940 2531 1093 2591 eccermri;
1111 2529 1290 2582 lamentaban-

215 2593 304 2646 schied
320 2608 372 2645 von
393 2609 501 2659 possum
518 2589 659 2662 (δύναμαι)
677 2594 729 2646 nnd
780 2601 827 2647 tur
849 2599 880 2647 in
896 2598 1002 2658 morbo,
1027 2598 1106 2661 quari
1129 2599 1246 2662 turpiter
1268 2601 1291 2646 et

217 2678 284 2729 queo
302 2664 370 2725 (olor
387 2657 414 2712 τ’
435 2665 511 2729 εἰμί),
527 2662 573 2715 der
591 2663 670 2715 durch
688 2663 730 2714 die
780 2664 970 2715 miserabiliter
985 2667 1110 2729 perituri.
1131 2664 1185 2717 Den
1197 2667 1290 2719 letzten

217 2729 369 2797 objektiven
397 2729 571 2783 Verh'dftnirse
605 2732 656 2782 nnd
686 2731 731 2782 der
781 2731 868 2784 Punht
886 2732 947 2792 fafst
966 2732 1017 2783 Gic.
1036 2733 1127 2783 andero
1144 2732 1197 2790 anf,

217 2799 297 2852 durch
315 2798 356 2851 die
375 2797 456 2850 Natur
479 2799 525 2851 des
543 2798 668 2865 Snbjelrts
686 2800 730 2852 be·
817 2805 840 2854 5.
864 2818 881 2851 a
908 2805 980 2852 certa
1004 2803 1111 2852 ratione
1135 2817 1188 2853 von
1211 2803 1290 2855 festen

217 2869 324 2930 dingten
341 2865 518 2932 hldglichkeit,
540 2868 696 2922 ersichtlich.
783 2868 967 2921 Gmudsitzen.

254 2934 350 2985 Graed
361 2936 492 2986 homines:
511 2935 556 2986 der
568 2936 660 2987 Zusatz
678 2951 731 2987 von
818 2939 842 2991 8.
855 2939 885 2987 in
901 2953 940 2999 eo,
958 2951 994 2988 sc.
1012 2939 1058 2986 oui
1068 2937 1178 2987 student
1188 2943 1216 2989 et
1227 2937 1294 3003 quod

218 3005 296 3053 homo
320 3017 352 3053 nn
375 3002 458 3054 einem
482 3001 673 3055 lelrernemen
696 3004 731 3054 ist
783 3007 881 3056 bonum
908 3008 1063 3071 opinantur.
1101 3004 1152 3057 Das
1177 3005 1292 3073 folgende

219 3070 284 3121 auch
306 3069 342 3118 im
364 3068 431 3121 Plur.
454 3070 631 3137 regelmdfsig,
654 3087 731 3123 wenn
783 3074 879 3124 debeas
894 3074 929 3124 ist
945 3073 1081 3137 potential.
1371 3117 1372 3134 2

219 3137 264 3188 der
290 3136 431 3188 Cherakter
456 3139 527 3190 eines
550 3138 647 3191 Volkes
675 3141 731 3191 her·
820 3146 860 3195 11.
873 3142 1023 3192 tantulum:
1040 3141 1105 3192 nach
1125 3141 1171 3193 der
1189 3143 1293 3195 Annicht
1371 3141 1372 3148 ’

218 3203 386 3269 vorgehoben
404 3204 508 3257 werden
526 3206 585 3259 soll.
784 3208 830 3261 der
839 3209 1036 3276 Peripatetilrer3
1051 3211 1200 3261 obruatur.-
1210 3211 1237 3262 in
1249 3211 1292 3262 den

255 3274 278 3324 2.
303 3276 396 3350 utqest
413 3279 507 3339 captus
531 3276 668 3326 bominum
686 3268 733 3326 ‘im
784 3277 955 3343 llintergruud
975 3277 1120 3343 geschoben
1140 3279 1213 3331 wird.

220 3340 367 3393 Verbalturs
385 3356 418 3392 nn
435 3342 503 3392 ihrer
517 3338 734 3408 Fassungskreft',
821 3348 860 3398 12.
879 3346 961 3396 latiur
977 3349 1112 3410 manabit,
1131 3348 1182 3399 wie
1200 3347 1239 3399 lll.
1257 3351 1293 3411 al,

221 3409 346 3461 natdrlich
359 3409 386 3459 in
399 3408 633 3462 beschrdnkendem
648 3411 735 3474 Sinne,
787 3417 831 3466 td:
850 3430 962 3465 manare
980 3414 1095 3479 longine.

220 3478 253 3529 da
271 3477 395 3542 dieselbe,
413 3479 464 3529 wie
483 3478 521 3530 els
534 3478 673 3544 allgemein
690 3480 735 3532 be·
822 3484 861 3534 to.
875 3485 1036 3548 praesertim
1058 3498 1118 3533 eum
1136 3490 1185 3535 cet.
1219 3483 1256 3536 lm
1274 3487 1294 3536 1.

221 3547 302 3598 kannt
321 3561 508 3611 angenommen
526 3547 606 3610 wird,
629 3564 677 3600 nur
695 3548 735 3599 hir
787 3550 873 3602 Buche
886 3566 940 3601 war
956 3566 1009 3602 von
1020 3551 1065 3602 der
1078 3550 1243 3618 Verechtung
1254 3551 1295 3602 des
1370 3547 1371 3568 ³

221 3613 410 3666 Wissenschaft
426 3615 478 3666 und
490 3613 574 3668 llnnst
585 3615 734 3667 vorhenden
786 3617 872 3670 Todes
890 3619 931 3670 die
943 3617 1021 3683 Rede,
1038 3619 1089 3671 den
1101 3620 1156 3671 sich
1175 3621 1256 3672 selbst
1267 3635 1295 3670 nn

222 3683 264 3747 ist,
282 3683 405 3735 wdhreud
417 3683 434 3736 l.
447 3686 527 3748 e,15:
546 3688 578 3734 oet
589 3684 677 3736 Siculi
693 3684 735 3736 dic
787 3687 869 3753 geben
887 3688 952 3738 meh
975 3688 1104 3738 stoiscben
1124 3687 1296 3739 Grundsatnen

223 3749 335 3800 Partikel
348 3755 380 3800 ut
392 3751 578 3804 motivierende
592 3752 665 3805 llraft
682 3752 735 3804 hat.
787 3760 862 3806 noter
870 3753 1027 3807 Umstinden
1038 3761 1160 3821 gestettet
1170 3771 1232 3808 war.
1244 3755 1295 3822 Vgl.

258 3819 281 3868 3.
299 3820 422 3883 humane,
441 3820 490 3872 wie
509 3835 537 3872 es
555 3821 610 3872 sich
628 3821 668 3872 ffrr
686 3821 735 3871 den
786 3823 860 3885 loc,
875 3825 924 3875 118
944 3840 968 3874 u.
987 3827 1044 3876 tta.

223 3883 361 3936 blenschen
380 3888 466 3950 ziemt,
484 3888 562 3939 deher
579 3888 634 3940 hier
652 3888 735 3940 soviel
823 3894 862 3945 18.
889 3892 1038 3956 praedones
1062 3895 1087 3942 ri
1113 3895 1295 3958 insequantur.

224 3948 502 4023 wie‘mitErgebung'.
521 3955 619 4011 Sol'er.
626 3958 735 4024 Adelph.
786 3960 824 4012 Zu
842 3960 900 4012 dem
918 3959 1057 4028 doppelten
1078 3963 1104 4010 si
1121 3959 1174 4027 vgl.
1191 3959 1224 4012 ed
1242 3960 1297 4013 farn.
