2822 4462
176 241 216 300 62
532 239 626 293 cluna
644 239 662 294 1.
681 241 723 306 aa,
741 243 782 293 aa.
802 243 843 306 aa,
861 243 903 293 st.

176 423 244 476 nata
259 421 304 477 est
318 413 459 488 Platonis,
483 432 558 494 quae
574 432 590 473 a
607 413 729 474 Socrate
745 413 835 474 estin
852 413 986 475 Phaedre
1001 414 1154 494 explicata,
1178 433 1194 475 a
1210 433 1258 476 me

175 509 272 561 autam
289 501 385 579 posita
400 499 490 562 estin
508 507 591 560 sexto
606 496 683 559 libro
699 496 735 557 de
750 516 783 559 rc
798 496 933 578 publica:

127 589 165 645 23
257 577 358 656 ‘Quod
373 603 492 664 semper
506 590 651 656 movetur,
672 591 826 644 aeternum
843 592 902 657 est;
925 583 1005 663 quod
1027 592 1126 645 autem
1140 592 1256 645 motum

175 670 270 731 adfert
285 670 371 731 alicui
384 671 523 751 quodque
534 669 631 750 ipsum
645 667 772 748 agitatur
784 668 912 742 aliunde,
928 669 1048 748 quando
1064 671 1155 731 linem
1166 669 1257 730 hahet

175 764 282 830 motus,
297 756 413 817 vivendi
429 757 519 816 linem
536 754 643 816 haheat
665 771 785 815 necesse
801 762 854 816 est.
885 754 989 816 Solum
1002 754 1104 833 igitur,
1126 755 1207 833 quod
1222 773 1254 815 se
1278 768 1293 816 5

174 843 271 920 ipsum
287 849 400 914 movet,
424 841 493 921 qnia
516 858 678 918 numquam
702 838 849 901 deseritur
863 857 880 899 a
896 859 941 914 se,
965 858 1105 920 numqam
1129 859 1167 900 ne
1189 858 1254 899 mn·

173 925 236 986 veri
248 925 368 1004 quidem
379 924 504 1001 desinit;
521 924 696 1004 quinetiam
712 925 828 999 ceteris,
842 943 916 1004 quac
932 934 1098 1000 moventur,
1110 925 1159 985 hic
1175 926 1254 996 fons,

124 1019 152 1067 54
173 1011 230 1071 hnc
253 1011 436 1090 principium
458 1020 503 1072 est
524 1010 673 1071 morendi.
695 1009 839 1090 Principii
861 1017 959 1072 autern
983 1009 1063 1071 nulla
1087 1019 1132 1072 est
1153 1009 1254 1089 crig0;

175 1114 242 1157 nam
267 1115 283 1156 e
305 1096 453 1175 principio
477 1095 616 1157 criuntur
631 1096 739 1168 omnia,
762 1096 860 1174 ipsum
882 1103 979 1157 autem
1004 1095 1084 1157 nulla
1100 1114 1183 1156 exre
1199 1094 1254 1154 alia

175 1181 256 1241 nasci
278 1189 394 1260 potest;
424 1200 480 1242 nec
503 1181 583 1242 enim
607 1188 685 1242 esset
706 1180 735 1240 id
759 1181 949 1261 principium,
980 1180 1060 1260 quod
1081 1181 1255 1260 gigneretur
1278 1191 1308 1240 10

174 1265 302 1326 aliunde.
332 1266 419 1338 Quod
435 1267 460 1328 si
476 1283 637 1344 numquam
655 1265 759 1339 oritur,
783 1285 821 1326 ne
844 1266 953 1327 cecidit
968 1266 1085 1344 quidem
1103 1283 1253 1345 umquam.

173 1350 247 1412 Nam
263 1351 443 1430 principium
460 1352 638 1413 exstinctum
655 1368 712 1411 nec
727 1351 823 1430 ipsum
836 1351 872 1412 ah
885 1351 942 1412 alin
958 1359 1131 1413 renascetur
1146 1369 1202 1411 nec
1217 1367 1255 1409 cx

174 1455 205 1496 se
228 1436 307 1496 aliud
330 1435 451 1511 creabit,
474 1436 498 1497 si
522 1435 640 1516 quidem
658 1454 779 1498 necesse
803 1444 848 1498 est
862 1455 878 1496 a
893 1437 1042 1516 principio
1058 1435 1129 1496 nriri
1144 1435 1254 1496 omnia.

173 1520 217 1581 lta
232 1521 313 1580 litut
327 1528 426 1583 motus
440 1521 622 1601 principium
638 1539 674 1580 ex
686 1539 722 1581 ec
737 1521 785 1595 sit,
808 1521 887 1600 quud
911 1522 1007 1602 ipsum
1024 1540 1041 1582 a
1056 1541 1087 1583 sc
1102 1529 1253 1592 moretur;

174 1604 203 1665 id
225 1612 323 1666 autem
347 1624 403 1667 nec
425 1606 506 1667 nasci
529 1613 627 1686 potest
644 1624 699 1666 nec
714 1606 799 1680 mori,
821 1605 867 1666 vel
882 1606 1019 1668 concidat
1033 1624 1121 1667 omne
1137 1605 1254 1666 caelum
1278 1621 1307 1669 15

175 1691 331 1770 omnisque
347 1700 452 1752 natura
468 1700 498 1752 et
509 1691 653 1752 consistat
664 1709 785 1752 neccsse
801 1699 914 1752 estnec
926 1693 982 1753 vim
995 1691 1082 1753 ullam
1099 1691 1255 1752 nancisca-

173 1784 232 1849 tur,
248 1794 337 1855 quaa
353 1777 449 1855 primo
465 1776 590 1857 impulsa
606 1783 767 1837 moveatur.
792 1776 866 1837 Cum
880 1786 980 1856 pateat
994 1777 1084 1855 igitur
1098 1785 1254 1836 aeternum

174 1861 202 1920 id
219 1879 292 1936 esse,
308 1860 389 1940 quod
404 1881 437 1924 se
452 1862 549 1942 ipsum
562 1870 685 1935 moveat,
701 1861 768 1941 quis
784 1869 827 1923 cst
840 1862 891 1940 qui
903 1861 982 1923 hanc
996 1870 1132 1922 naturam
1148 1860 1254 1921 animis

175 1964 238 2007 esse
262 1947 401 2008 tributam
425 1945 536 2026 negat?
568 1946 736 2008 lnanimum
765 1954 811 2008 est
832 1947 911 2008 enim
936 1965 1040 2021 omne,
1063 1945 1144 2025 quud
1165 1945 1252 2026 pulsu

212 2150 234 2196 1.
252 2148 282 2195 in
301 2147 430 2208 Phaedro,
449 2162 475 2212 p.
489 2148 566 2198 2450.
739 2151 829 2198 lamen
846 2148 942 2198 hedera
959 2150 1092 2213 insignem
1109 2147 1184 2198 illam
1194 2163 1254 2212 per-

208 2214 233 2264 2.
258 2213 290 2262 de
316 2231 346 2264 re
373 2213 686 2279 publicaturum.
740 2215 858 2281 cipiendr‘
874 2217 917 2281 (ι-
929 2217 1119 2283 perceptionis)
1136 2219 1236 2266 notam.

174 2278 247 2341 (oder
267 2281 300 2332 im
319 2296 408 2346 sngen.
426 2281 514 2335 Somn.
532 2281 599 2349 Scip.
617 2299 639 2334 c.
652 2285 686 2345 8).
774 2287 814 2336 14.
834 2300 869 2333 σω
886 2299 917 2334 eo
933 2288 983 2345 rit,
1001 2284 1059 2336 dale
1077 2284 1122 2335 der
1140 2283 1254 2344 Anstcls,

209 2351 232 2401 3.
262 2355 362 2400 motum
397 2348 490 2411 adfert
518 2350 603 2401 alictii
630 2351 686 2415 (das
738 2351 779 2403 die
791 2350 897 2403 Urkrait
914 2353 959 2404 der
970 2351 1120 2420 Bewegung
1132 2366 1184 2404 ron
1196 2350 1253 2403 dem

173 2415 338 2469 Platonische
350 2413 415 2469 dila
431 2421 534 2481 κινοῦν)
551 2418 642 2484 gehdrt
654 2434 687 2471 an
737 2420 855 2485 auageht.

173 2484 229 2535 sich
248 2485 319 2536 nicht
337 2501 382 2536 znr
401 2485 547 2540 Sachenud
564 2487 598 2538 iat
616 2487 686 2539 wohl
774 2491 814 2541 15.
839 2487 893 2539 nala
924 2487 982 2539 cine
1012 2502 1147 2553 ungenanc
1173 2475 1253 2538 Uber·

173 2567 220 2604 nur
242 2551 322 2604 durch
344 2553 394 2606 den
412 2553 552 2606 Gedanlren
578 2570 609 2606 an
632 2554 690 2618 das,
739 2559 848 2620 setznng
857 2555 904 2606 de
916 2555 1092 2620 griechischen
1106 2557 1131 2621 ἢ,
1142 2555 1254 2606 welches

173 2635 228 2672 was
246 2620 272 2673 in
292 2625 372 2674 erster
389 2621 461 2674 hinie
478 2638 529 2675 von
548 2621 607 2674 dem
619 2623 688 2674 liwi-
738 2638 830 2690 wagan
844 2622 890 2674 des
906 2623 1142 2676 ausschlielsendcn
1154 2622 1254 2688 Gegan-

172 2703 233 2809 idda
245 2689 317 2810 Ξνίἰῑῖ1
326 2690 379 2756 vgl.
400 2691 418 2810 l}
437 2693 468 2744 53
493 2692 575 2811 cdli„
599 2707 688 2810 verani
739 2695 824 2810 satzeg
842 2691 967 2742 vielmehr
985 2690 1064 2742 durch
1084 2696 1132 2742 aut
1146 2689 1254 2741 wieder-

272 2773 439 2821 cremans
472 2775 507 2812 uo
544 2776 669 2812 ue=un
739 2774 937 2812 aneenwar.

172 2825 246 2878 dahel
265 2827 391 2892 augleich.
455 2777 471 2826 q
527 2778 543 2825 q
772 2774 1096 2879 doncidnt...eomistat.
1118 2824 1252 2892 Vgl.Plat.

206 2897 229 2948 6.
242 2910 434 2960 numquamne
454 2898 556 2947 mouera·
576 2896 684 2962 quidem
739 2895 805 2948 lc:
831 2897 962 2962 κινήσεως
976 2898 1030 2961 μὲν
1048 2897 1115 2962 ἀρχή
1134 2897 1167 2946 τὸ
1186 2894 1253 2944 αὐτὸ

172 2963 276 3013 desinit.
305 2963 341 3013 Zu
360 2961 405 3012 der
422 2962 456 3014 dc
475 2964 562 3030 pelten
583 2963 686 3016 Veruci-
738 2966 806 3015 αὐτὸ
825 2970 932 3015 κινοῦν·
952 2970 1034 3014 τοῦτο
1048 2958 1078 3012 dt
1093 2957 1154 3013 οὔτ’
1168 2955 1252 3011 ἀπόλ-

172 3043 251 3095 nuug,
260 3029 360 3080 welche
368 2979 586 3096 keinedejahung
596 3031 684 3096 bddet,
737 3028 840 3083 λσσθσι
862 3035 926 3082 οὔτε
951 3029 1099 3101 γίγνεσθαι
1122 3026 1253 3090 δυνατόν,

172 3110 248 3147 wenn
271 3097 336 3147 nach
362 3095 432 3149 einer
450 3097 618 3164 allgemeinen
636 3099 686 3152 Ne-
736 3102 868 3165 ἢπάντα
886 3103 936 3152 τὸν
961 3101 1080 3166 οὐρανόν
1101 3099 1195 3148 πᾶσάν
1221 3113 1253 3145 τε

172 3165 260 3229 galion
282 3163 323 3215 ein
347 3163 477 3216 einzelner
495 3164 592 3231 Begriff
606 3167 686 3220 durch
736 3171 845 3238 γένεσιν
869 3174 1062 3236 συμπεσοῦσαν
1084 3169 1184 3231 στῆναι
1204 3167 1251 3214 καὶ

170 3233 367 3298 rte-quidem
390 3232 601 3300 hervorgehnhen
624 3235 686 3287 oder
738 3238 846 3301 νήπστε
869 3236 952 3288 αὖθις
973 3237 1056 3302 ἔχειν,
1083 3232 1155 3284 ὅθεν
1178 3250 1251 3296 κινη-

168 3301 230 3364 jene
253 3301 281 3352 in
303 3300 374 3351 einer
391 3298 546 3368 Gliederung
568 3303 615 3354 mit
638 3319 687 3354 nec
739 3303 830 3355 θέντα
851 3307 1007 3373 γενήσστσιι
1031 3301 1171 3367 allcrdings
1191 3300 1252 3351 hein

170 3385 254 3421 —nac
272 3367 424 3420 wiederhnlt
436 3368 509 3436 wind,
521 3370 627 3436 vgl.25,
640 3373 683 3423 60:
737 3370 847 3434 Beweis,
865 3372 896 3423 da
915 3373 981 3423 auch
1000 3371 1042 3422 dic
1060 3368 1190 3436 Ewigheit
1207 3368 1253 3419 des

171 3455 225 3490 non
244 3442 282 3488 est
299 3442 370 3488 certe
387 3453 436 3488 nec
453 3438 607 3489 cardiacae
624 3455 686 3489 ean·
738 3438 1199 3493 Weltallseinnnerwieseneshxiom
1211 3437 1252 3487 ist.

168 3509 275 3572 guium
295 3509 337 3571 27,
355 3506 401 3557 66:
420 3508 491 3559 nihil
506 3511 600 3557 aeaut
616 3510 685 3557 umi·
773 3522 848 3558 omne
866 3508 969 3558 caelum
982 3511 1121 3570 omnisque
1137 3510 1252 3556 natura:

170 3576 234 3625 dum
256 3575 363 3640 quidam
384 3579 433 3624 aut
453 3576 553 3637 stabile.
588 3574 685 3641 Wegen
738 3575 784 3626 das
808 3590 889 3640 ganza
907 3575 1014 3628 Weltall
1040 3575 1092 3626 und
1116 3574 1180 3626 alles
1204 3571 1252 3624 Ge·

170 3643 346 3708 rra-quidem
357 3642 411 3693 hier
421 3644 473 3694 nnd
484 3642 543 3710 554
552 3657 600 3694 sn.
609 3645 632 3707 11,
645 3646 684 3695 11.
738 3642 867 3709 wordene,
879 3643 903 3696 d.
914 3645 930 3696 i.
941 3643 992 3696 und
1003 3644 1044 3696 (lie
1054 3657 1136 3709 ganne
1146 3639 1253 3707 Scheipl-

206 3712 229 3762 8.
250 3713 416 3777 principium
442 3711 566 3764 movendi
587 3734 621 3754 =
641 3727 684 3776 pr.
736 3725 796 3776 ung.

170 3783 271 3842 motus,
289 3794 337 3829 nur
355 3778 489 3831 scheinhar
506 3780 552 3830 mit
569 3779 685 3846 passirer
772 3781 811 3830 17.
829 3795 846 3828 a
861 3781 951 3844 priato
969 3803 1003 3823 ==
1021 3796 1038 3829 σ
1053 3779 1200 3844 principio.

172 3846 331 3912 Bedentung.
367 3845 402 3899 Sc
420 3847 497 3899 Acnd.
515 3846 544 3911 ll,
562 3849 603 3911 31,
623 3851 684 3900 101:
773 3849 811 3900 18.
829 3849 1057 3911 truncaturum,
1082 3845 1192 3896 ndmlich
1210 3842 1253 3894 dle

170 3921 202 3966 ut
219 3919 244 3966 ni
260 3931 324 3965 veru
337 3914 423 3966 multa
441 3916 585 3966 videantur
599 3932 684 3982 neque
736 3914 908 3980 selbstcigeue
927 3913 1085 3982 Bewegung.
