2804 4474
223 253 262 314 58
628 253 721 307 LIBER
738 254 779 308 tv,
799 257 823 317 3,
833 257 858 308 6.
868 259 891 307 l.

184 529 200 578 6
221 515 265 592 gis
281 531 369 593 quam
385 514 489 575 litteris
504 513 652 592 persecuti
667 521 747 574 sunt.
775 511 877 591 ltaque
893 512 970 573 illius
986 530 1070 572 verae
1092 511 1298 590 elegantisque

222 599 441 680 philosophiae,
461 616 536 676 quae
558 597 645 658 ducta
666 597 819 658 aSccrate
841 597 871 658 in
889 596 1090 677 Peripateticis
1110 597 1206 657 adbuc
1228 615 1298 676 per-

222 685 329 746 mansit
351 693 380 745 et
401 684 478 744 idem
505 683 562 743 alio
589 683 676 743 mndo
704 682 871 743 dicentibus
891 682 1013 755 Stoicis,
1039 701 1107 743 cum
1128 681 1298 742 Academici

220 788 325 830 ¹eorum
342 768 556 830 controversias
571 767 784 848 disceptarent,
807 768 886 829 nulla
902 768 963 829 fere
979 777 1050 828 sunt
1070 775 1119 828 aut
1134 785 1230 846 pauca
1245 766 1296 826 ad·
1313 777 1326 824 5

221 855 343 916 modum
364 854 468 914 Latina
490 862 682 914 monumenta
708 853 767 914 sive
789 863 913 934 propter
936 851 1173 932 magnitudinem
1196 869 1297 912 rerum

223 939 508 1020 occupationemque
523 938 694 1012 bominum,
716 938 777 999 sive
799 938 885 999 etiam
907 937 986 1016 quod
1006 937 1150 1018 imperitis
1171 955 1206 997 ea
1225 955 1297 1016 pro-

222 1023 286 1086 bari
296 1043 384 1105 posse
394 1043 455 1084 non
467 1022 696 1098 arbitrabantur,
714 1042 783 1085 cum
794 1023 914 1084 interim
925 1023 981 1084 illis
996 1023 1152 1083 silentibus
1165 1021 1196 1082 C.
1209 1023 1297 1082 Ama·

221 1110 311 1171 tinius
327 1109 436 1171 exstitit
451 1108 567 1182 diceus,
579 1105 673 1170 'cuius
688 1108 771 1169 libris
786 1107 871 1170 editis
887 1116 1034 1169 commota
1049 1107 1207 1168 multitudo
1223 1125 1296 1168 con-

221 1194 288 1255 tulit
303 1214 335 1257 se
350 1193 385 1255 ad
401 1212 465 1254 eam
480 1193 665 1275 potissimum
687 1194 886 1273 disciplinam,
908 1193 967 1254 sive
989 1193 1068 1272 quad
1091 1199 1152 1253 erat
1174 1193 1297 1271 cognitu
1319 1201 1345 1252 10

221 1280 383 1359 perfacilis,
415 1278 475 1340 sive
498 1278 576 1358 qund
596 1279 796 1340 invitabantur
816 1277 972 1340 inlecebris
992 1277 1107 1339 blandis
1128 1277 1296 1356 voluptatis,

221 1365 281 1426 sive
296 1366 398 1438 etiam,
419 1364 487 1443 quia
503 1364 576 1424 nibil
590 1373 654 1424 erat
668 1364 815 1444 prolatum
830 1364 950 1437 melius,
970 1363 1050 1435 illud,
1067 1362 1147 1442 quod
1163 1370 1235 1435 erat,
1252 1371 1296 1422 te·

185 1461 199 1510 ι
223 1450 343 1511 nebant.
380 1449 451 1510 Post
471 1449 648 1510 Amafinium
668 1458 765 1510 autem
787 1449 871 1510 multi
892 1447 1023 1510 eiusdem
1044 1448 1150 1508 aemuli
1171 1447 1297 1509 rationis

218 1537 312 1596 multa
335 1553 403 1596 cum
425 1534 620 1614 scripsissent,
650 1534 761 1595 ltaliam
782 1542 873 1595 totam
896 1540 1131 1613 occupaverunt,
1155 1533 1295 1611 quodque

221 1639 393 1681 maxumum
409 1629 616 1698 argumentum
632 1629 677 1681 est
695 1639 756 1680 nou
773 1618 830 1680 dici
851 1619 899 1680 illa
914 1617 1076 1692 subtiliter,
1097 1618 1296 1697 quodetiam
1316 1629 1341 1678 15

220 1705 304 1766 facile
325 1705 494 1766 ediscantur
516 1713 544 1765 et
565 1705 601 1765 ab
623 1704 749 1766 indoctis
771 1705 953 1784 probentur,
975 1703 1005 1764 id
1020 1703 1060 1764 illi
1074 1704 1294 1764 firmamentum

222 1809 286 1854 esse
301 1789 471 1872 disciplinae
487 1797 601 1869 putant.

210 1915 224 1940 ⁸
256 1910 345 1961 Lanita
357 1911 444 1973 magis
453 1922 532 1973 qaam
546 1908 648 1958 litteris.
673 1904 733 1956 Man
784 1905 857 1970 dingt
868 1905 1053 1967 anaunehmen3
1071 1903 1155 1956 aumal
1168 1903 1201 1955 da
1220 1919 1248 1955 er
1261 1902 1296 1968 (ll.

220 1977 274 2029 lese
292 1975 401 2027 darriber
418 1974 450 2026 de
464 1974 507 2026 fin.
520 1975 559 2026 lll.
571 1977 595 2040 3,
610 1978 638 2027 ll
659 1974 732 2025 nacla.
784 1975 808 2036 3,
822 1978 847 2036 l)
868 1973 910 2024 die
932 1973 1059 2024 Schriften
1083 1972 1128 2023 der
1151 1972 1296 2023 romiscben

261 2047 284 2096 2.
309 2045 382 2095 iliius
406 2059 484 2094 aerae
495 2071 529 2081 -
538 2044 733 2109 pbilosapbiae.
783 2039 1159 2108 Epikureergarnichtgeleseu
1170 2040 1296 2092 aubaben

219 2111 278 2176 Vgl.
297 2113 314 2164 l.
334 2114 375 2174 23,
387 2113 428 2165 55.
784 2109 909 2175 vorgiebt.

255 2183 279 2233 3.
296 2180 377 2231 ducta
395 2195 411 2229 a
430 2178 541 2229 Socrate
553 2169 624 2228 ‘rom
637 2177 662 2230 S.
676 2191 733 2228 aus·
818 2180 842 2230 9.
861 2178 959 2241 dicens,
976 2177 1010 2226 im
1029 2175 1172 2241 Gegensatz
1190 2191 1223 2226 zu
1241 2175 1295 2225 illis

221 2262 367 2314 gegangem
388 2246 434 2297 mit
453 2245 478 2298 S.
498 2237 663 2312 beginnend',
684 2245 732 2296 wie
782 2245 922 2296 silentibus
940 2245 1010 2296 nicbt
1023 2245 1089 2295 ohne
1107 2244 1164 2296 eine
1182 2243 1295 2309 gemisse

220 2316 248 2366 ll.
261 2319 285 2376 4,
300 2318 343 2366 10:
366 2329 452 2364 semna
465 2331 526 2365 -a
545 2315 594 2364 tali
616 2313 731 2379 quadam
781 2313 863 2365 lronie
881 2317 979 2379 gesagt.

216 2384 315 2433 'dactus
332 2382 454 2432 exordio.
817 2385 855 2434 10.
866 2383 976 2447 cognito
987 2377 1134 2446 perfacilis.
1163 2377 1295 2430 Sndefin.

253 2455 277 2504 4.
295 2451 366 2501 idem
389 2450 443 2500 alic
464 2449 550 2500 mado.
583 2446 617 2499 So
637 2446 668 2498 de
686 2445 730 2498 fin.
780 2448 799 2500 l.
812 2451 836 2511 8,
849 2451 893 2510 2'l;
913 2465 973 2499 anm
986 2450 1146 2514 praesntim
1164 2446 1214 2496 illa
1226 2445 1295 2512 (Epi-

218 2518 257 2570 lll.
270 2521 308 2584 12,
318 2521 363 2571 41:
381 2522 410 2568 in
423 2522 494 2569 omni
507 2519 557 2568 bac
569 2519 730 2582 quaestione,
782 2517 842 2569 kurs
855 2517 944 2576 Lebre)
960 2517 1111 2582 perdiscere
1124 2515 1204 2565 ludus
1220 2518 1294 2565 esset.
1387 2563 1388 2568 ,

220 2603 288 2652 quaa
306 2587 338 2637 de
355 2588 430 2637 bonis
442 2590 469 2635 et
478 2585 558 2636 malis
575 2585 730 2650 appelletur,
781 2593 782 2600 ’
808 2581 1296 2650 ll.inaitabantsar,inBezugaulmai·

219 2671 274 2707 nnn
283 2672 337 2706 eme
346 2670 436 2705 rerum
446 2653 544 2706 Stoicis
554 2669 613 2704 cum
622 2653 730 2718 Peripa·
781 2655 877 2719 titudo,
895 2668 917 2704 s.
928 2653 966 2706 lll.
979 2655 1020 2719 28,
1034 2655 1065 2703 70
1079 2667 1110 2702 zu
1127 2650 1293 2716 intellegant.

219 2722 730 2787 inticiscontrouersiam‚sednnminam.
810 2723 949 2772 inlecebris
958 2721 1064 2772 blandis
1072 2720 1226 2784 voluptatis.
1246 2717 1294 2770 Ge·

262 2793 429 2856 Academici,
457 2791 498 2842 die
523 2789 660 2854 Anbinger
686 2787 731 2840 der
783 2805 860 2842 nauer
872 2788 948 2841 sollte
961 2804 989 2840 es
1002 2789 1101 2839 beliseu
1110 2787 1295 2850 blandaeaat,

219 2859 521 2920 neuerenellrademie3
533 2857 731 2921 eam-discep-
782 2858 842 2908 eber
860 2857 925 2908 auclr
949 2856 991 2908 bei
1009 2855 1096 2907 Cicero
1115 2855 1195 2906 sebon
1213 2853 1294 2906 findet

219 2933 310 2979 tarent
320 2951 353 2970 =
363 2928 510 2993 disceptare
525 2925 663 2976 sauderent
679 2925 732 2987 (aa
782 2925 838 2976 sich
850 2925 919 2977 disse
932 2925 1003 2976 melu
1015 2924 1064 2975 deu
1075 2923 1194 2974 llicbtern
1208 2924 1294 2988 eigen·
1387 2929 1388 2938 ¹

219 2998 366 3061 narentur).
386 2992 731 3059 ZurSacbevgl.V.4l,l20.
782 2990 1293 3058 tumliclrellertauscbungderAttribute

259 3065 283 3115 8.
310 3063 336 3115 0.
360 3063 513 3124 Amafinius
535 3061 606 3126 (oder
628 3059 731 3112 Amala—
781 3060 954 3128 (llypallage);
972 3059 1024 3126 agl.
1035 3059 1067 3111 de
1081 3061 1150 3111 deor.
1163 3074 1188 3111 n.
1199 3058 1239 3110 lll.
1252 3060 1293 3121 tt,

219 3131 295 3196 nius),
313 3131 354 3181 ein
372 3129 512 3194 Epikureer
530 3133 560 3192 (s.
577 3128 618 3180 die
635 3127 729 3180 Einlei·
781 3131 825 3181 69:
844 3145 889 3194 spe
901 3129 998 3180 dubiae
1014 3128 1121 3188 salatts3
1140 3126 1294 3192 umgekebrt

220 3200 308 3263 tang),
332 3197 431 3249 sebrieb
455 3199 486 3248 de
510 3212 603 3248 renuam
628 3201 729 3248 natura
779 3196 841 3249 ibid.
864 3197 892 3247 ll.
914 3199 960 3261 39,
979 3198 1026 3252 98:
1049 3194 1167 3256 sontium
1187 3194 1294 3260 gelidas

219 3265 280 3330 (wie
298 3265 362 3318 aucb
380 3265 422 3317 die
445 3266 562 3331 spiteren
584 3264 728 3316 rbmischen
778 3268 972 3330 perennitates,
991 3280 1016 3332 p.
1031 3262 1095 3316 Mur.
1114 3266 1138 3325 4,
1152 3265 1179 3316 8:
1198 3264 1293 3328 ampti-

218 3333 303 3402 Epir,
315 3333 371 3384 nss.
383 3334 485 3398 Lucrea,
497 3348 541 3384 aar
551 3332 729 3398 Rekimpiung
779 3333 844 3384 tuda
855 3348 985 3383 summam
996 3333 1063 3382 mibi
1078 3333 1220 3397 superbiae
1231 3346 1292 3382 cna-

219 3403 265 3455 des
273 3400 475 3468 Aberglaubens,
487 3401 678 3466 voraugsweise
687 3400 729 3452 die
780 3399 1208 3466 detitatisqaefamaminussisset.
1228 3397 1292 3466 Spi-

218 3470 319 3538 Pbysik
330 3469 519 3528 bebandeltenl.
545 3467 622 3520 dead.
635 3472 702 3534 post.
711 3466 729 3519 l.
780 3474 819 3520 ter
830 3470 865 3520 ist
879 3469 962 3521 dieser
974 3466 1106 3521 Gebraucb
1120 3465 1236 3534 biuiiger
1247 3481 1291 3533 ge·

219 3541 283 3602 2‚5:
298 3535 729 3604 (Amafinimetllabiriaslnaila
779 3537 892 3588 worden.
1121 3589 1130 3600 „

218 3613 278 3659 arte
295 3608 416 3658 adbibita
439 3605 471 3656 de
492 3606 571 3655 rebrat
588 3608 650 3655 ante
668 3619 730 3654 aaa·
815 3607 855 3657 12.
867 3609 958 3655 stve-
973 3606 1103 3668 tenobant,
1114 3601 1252 3669 Ubergang
1265 3603 1291 3653 iu

220 3677 257 3727 los
271 3678 369 3744 positis
385 3675 492 3740 vulgari
503 3687 623 3724 sermone
641 3672 729 3737 diepa·
780 3673 854 3726 einen
866 3671 1005 3740 Hauptsatz
1018 3672 1068 3723 wie
1080 3671 1098 3726 1.
1113 3675 1135 3734 1,
1150 3674 1178 3732 1;
1196 3670 1235 3724 lll.
1250 3672 1290 3735 22,

218 3748 286 3807 tant,
299 3743 369 3795 nibil
377 3742 517 3806 definiant,
529 3741 600 3792 nibil
601 3743 728 3805 partian-
780 3743 813 3794 54
824 3756 850 3794 u.
860 3755 883 3793 a.

220 3817 315 3876 tar—,
327 3811 429 3862 nnllam
441 3811 554 3875 denique
571 3813 656 3860 artem
674 3824 728 3858 esse
808 3811 848 3861 13.
858 3808 975 3858 eiusdem
982 3807 1082 3859 aemuli
1089 3797 1290 3859 rationis‘eiiri·

219 3895 267 3930 nee
284 3879 391 3930 dicendi
402 3894 450 3929 nee
462 3877 607 3929 disserendi
621 3879 727 3942 putant
779 3890 810 3942 ge
831 3876 967 3942 Anbinger
989 3875 1123 3928 desselben
1148 3869 1289 3993 Spstems’,

218 3977 253 3988 -
271 3947 371 4000 Ciceros
395 3944 475 3998 Urteil
499 3947 533 3998 ist
554 3945 624 3997 nicht
647 3945 727 3996 unbe-
778 3959 799 3997 a.
812 3942 841 3996 B.
859 3942 976 3997 Rabirius
993 3943 1045 3996 und
1063 3943 1149 3995 (latius
1176 3942 1279 3994 neuber.
