2804 4474
183 222 224 282 tt
526 220 621 274 naun
639 221 680 277 rr.
700 224 740 286 m,
752 224 793 276 ιι.
814 225 904 289 1¹‚²5·

185 412 293 475 operae
311 393 499 456 consumitur
514 411 530 453 a
548 393 670 467 Stoicis,
685 391 810 453 maxime
826 410 842 453 a
860 392 1040 474 Chrysippo,
1062 392 1135 455 dum
1150 392 1269 456 morbis

184 497 344 559 corporum
360 487 550 558 comparatur
565 477 738 540 morborum
754 477 844 539 animi
859 477 1036 554 similitudo;
1052 497 1111 557 qua
1127 478 1268 540 oratione

183 564 389 645 praetermissa
410 563 532 624 minime
557 562 723 625 necessaria
744 581 791 636 ea,
813 581 888 641 quae
909 580 974 624 rem
997 564 1172 639 continent,
1195 581 1268 643 per·

131 661 161 712 m
184 658 354 711 tractemus.
398 648 590 728 intellegatur
619 648 709 727 igitur
736 647 993 726 perturbationem
1021 647 1204 710 iactantibus
1235 668 1268 712 se

184 733 377 814 opinionibus
399 734 606 814 inconstanter
626 741 656 794 et
675 732 794 794 turbide
808 733 839 793 in
862 741 945 794 motu
960 752 1025 795 esse
1039 752 1175 815 semper;
1198 752 1269 796 cnm
1291 741 1307 791 t

184 828 283 881 autem
305 819 353 880 hio
379 819 479 879 servor
504 818 723 897 concitatioque
750 817 839 878 animi
860 818 1033 880 inveteravit
1059 828 1087 880 et
1113 828 1269 898 tamquam

184 903 215 965 in
237 903 320 964 venis
342 903 536 983 medullisque
557 902 679 976 insedit,
702 913 766 964 tum
789 902 902 964 exsistit
924 912 954 964 et
974 902 1098 966 morbus
1113 911 1144 964 et
1158 923 1268 983 aegro-

184 989 256 1049 tatio
273 995 302 1049 et
319 988 500 1050 offensiones
514 1006 575 1063 eae,
591 1007 666 1067 quae
681 997 752 1050 sunt
766 987 809 1050 eis
823 987 935 1050 morbis
950 988 1267 1068 aegrotationibusque

184 1072 362 1134 contrariae.
381 1105 390 1115 ·

133 1165 167 1220 11
271 1157 366 1232 flacc,
390 1177 466 1237 quae
481 1158 563 1232 dico,
586 1157 766 1237 cogitatione
781 1157 860 1217 inter
874 1176 906 1218 se
921 1157 1078 1233 differunt,
1094 1177 1128 1220 re
1142 1159 1268 1238 quidem
1290 1165 1320 1217 10

185 1241 323 1322 copulata
345 1253 426 1316 sunt,
450 1260 544 1322 eaque
567 1242 706 1303 oriuntur
728 1260 764 1303 ex
786 1241 909 1304 libidine
931 1250 961 1304 et
983 1262 1019 1303 er
1034 1243 1152 1304 laetitia.
1191 1244 1267 1306 Nam

185 1345 253 1388 cum
283 1338 327 1390 est
356 1327 516 1407 concupita
536 1327 663 1407 pecunia
684 1345 740 1388 nec
762 1325 891 1388 adhibita
918 1327 1061 1389 continuo
1082 1329 1160 1389 ratio
1183 1331 1268 1408 quasi

186 1412 330 1490 quaedem
342 1412 491 1474 Socratica
504 1413 659 1486 medicina,
675 1429 752 1490 quae
766 1420 885 1472 sanaret
899 1431 963 1473 eam
979 1412 1180 1493 cupiditatem,
1197 1433 1268 1494 per·

184 1497 329 1558 manatio
346 1515 435 1559 vonas
451 1505 480 1558 et
494 1497 630 1558 inhaeret
644 1496 675 1558 in
691 1495 853 1570 visceribus
868 1496 940 1558 illud
955 1498 1075 1574 malum,
1091 1498 1268 1578 exsistitque

185 1581 308 1643 morbus
320 1591 350 1642 et
364 1582 542 1661 aegrotatio,
565 1599 640 1660 quae
656 1581 740 1642 evelli
755 1581 917 1643 inveterata
933 1601 995 1643 non
1010 1593 1155 1662 possunt,
1179 1585 1269 1662 eique
1291 1589 1320 1641 15

133 1676 164 1727 m
187 1665 295 1727 morbo
311 1685 422 1728 nomen
439 1676 484 1728 est
498 1670 634 1729 aoom'tia.
664 1665 864 1746 Similiterque
880 1667 971 1728 ceteri
986 1667 1093 1744 morbi,
1109 1677 1144 1730 ut
1157 1669 1269 1748 gloriae

186 1752 343 1832 cupiditas,
371 1759 404 1812 ut
424 1751 633 1827 mulierositas,
659 1761 693 1812 nt
713 1751 753 1812 ita
779 1750 925 1831 appellem
952 1770 1031 1827 eam,
1053 1771 1130 1832 quae
1153 1753 1269 1816 Graece

189 1835 369 1919 ‹peioyvelo
385 1837 503 1910 dicitur,
534 1836 684 1918 ceterique
707 1835 842 1898 similiter
861 1836 959 1898 morbi
985 1839 1270 1919 aegrotationesque

187 1930 361 1984 nascuntur.
395 1921 477 1993 Quae
494 1931 590 1983 autem
606 1929 678 1985 sunt
692 1921 739 1982 his
754 1922 917 1996 contraria,
942 1941 975 1984 ea
992 1923 1073 1985 nasci
1089 1932 1237 2003 putantur
1252 1943 1270 1986 a

186 2015 283 2081 metu,
304 2015 339 2067 ut
359 2007 456 2068 odium
477 2007 648 2082 malitium,
672 2006 758 2086 quale
781 2006 812 2067 in
834 2005 1004 2090 ptooydmp
1019 2008 1087 2069 dtili
1104 2017 1164 2084 est,
1186 2018 1221 2070 ut
1235 2013 1268 2071 im
1290 2015 1318 2066 m

185 2089 335 2154 homimum
358 2095 528 2152 universum
550 2111 655 2171 penus,
678 2091 759 2170 quod
786 2092 954 2172 accepimus
980 2092 1016 2153 de
1043 2093 1186 2168 Timone,
1215 2096 1267 2174 qui

220 2261 244 2308 1.
262 2272 279 2306 α
298 2255 456 2322 Chrysippo,
475 2272 494 2309 s.
510 2258 699 2323 zut.45‚108.
749 2285 782 2298 -·
805 2257 832 2308 in
854 2256 899 2310 der
921 2251 1030 2311 Prauis‘.
1065 2245 1135 2313 liber
1158 2262 1269 2326 quidem

219 2326 245 2376 2.
263 2328 445 2389 eomparatur,
463 2339 483 2376 s.
503 2340 535 2375 zu
546 2325 584 2378 lll.
597 2328 639 2390 31,
651 2327 698 2378 ἵ4ι
751 2340 771 2377 s.
791 2340 823 2376 zu
841 2325 859 2377 l.
878 2328 919 2390 17,
932 2329 973 2381 61.

185 2393 353 2450 deminuti&
378 2420 408 2428 —
433 2395 587 2443 morborum
614 2396 700 2443 animi
786 2394 824 2445 13.
848 2408 916 2458 quae
937 2399 1060 2460 sanaret,
1083 2395 1267 2450 hondiaioual:

183 2458 341 2522 similitudo,
358 2457 443 2511 Abstr.
456 2475 503 2527 pro
517 2460 614 2513 Concu:
626 2463 699 2511 mmi—
751 2458 849 2512 welche
868 2460 952 2513 heilen
972 2462 1068 2516 wurde.

185 2527 223 2577 les
245 2528 330 2577 animi
350 2529 448 2588 morbi;
472 2541 493 2578 s,
510 2527 549 2580 tlt.
569 2531 597 2593 5,
618 2532 648 2594 ll
667 2543 699 2580 zu
787 2531 826 2581 15.
845 2529 930 2593 evelli,
947 2529 1000 2595 vgl.
1021 2533 1062 2596 14,
1074 2533 1115 2583 32.

183 2595 397 2645 mediocritatem
424 2593 586 2659 osfioiorum.
631 2595 700 2648 Uber
786 2598 826 2647 17.
839 2612 906 2658 eam,
920 2599 1149 2662 qaue-dieitur.
1174 2599 1268 2666 igtt

184 2662 235 2714 den
253 2661 396 2728 degeniam
415 2679 465 2715 von
485 2680 628 2730 corporum
645 2663 699 2717 und
752 2666 792 2728 19,
812 2665 855 2715 19:
874 2679 943 2729 qaae
960 2667 1103 2719 harmonia
1121 2668 1234 2720 dieitur.

183 2733 270 2781 animi
287 2745 307 2783 s.
326 2745 358 2781 zu
375 2729 403 2782 ll.
420 2733 463 2794 23,
477 2735 518 2784 54.
792 2733 832 2785 tt.
861 2735 994 2798 ceterique
1018 2737 1143 2786 similiter
1168 2739 1268 2799 morbi,

219 2815 273 2864 qua
291 2801 414 2849 oratione
426 2792 496 2852 ‘eine
512 2798 700 2852 Auseinander-
750 2796 843 2865 listige
860 2798 1070 2868 Wiederholung.
1101 2803 1202 2865 (Cicero
1221 2805 1268 2856 hat

183 2870 293 2930 setzung
316 2857 457 2927 hieruber';
483 2882 503 2919 s.
520 2867 538 2918 l.
558 2871 598 2932 19,
610 2870 644 2920 45
665 2883 698 2919 au
750 2880 782 2917 an
800 2866 842 2918 die
860 2866 969 2935 tldchtig
985 2869 1187 2934 geschriebenen
1201 2870 1269 2924 'lus-

184 2935 250 2984 baeo
264 2933 447 2998 pulchritudo.
750 2934 858 2986 oulanen
881 2934 922 2986 die
943 2936 1022 2990 letzte
1042 2936 1114 2990 lland
1133 2939 1206 2992 nicht
1223 2953 1269 2992 an-

218 3003 242 3052 4.
269 2999 460 3066 intellegatur,
487 3001 542 3054 hier
568 3003 614 3054 mit
641 3001 698 3054 dem
750 3002 856 3068 gelegt.)

184 3065 245 3119 dcc.
264 3081 285 3118 c.
304 3067 361 3129 lnl.;
388 3068 455 3120 oben
479 3070 549 3135 6,13
573 3071 619 3121 mit
641 3069 699 3122 dem
787 3072 826 3122 19.
846 3069 1034 3134 Quae-som
1050 3074 1092 3124 hah
1110 3077 1267 3126 contraria:

183 3133 286 3186 Nomio.
304 3149 326 3185 o.
344 3133 417 3187 lofin.
750 3136 791 3188 die
809 3138 977 3200 offensiones.

218 3204 242 3254 5.
261 3205 535 3255 cum-inooteraoit
550 3208 613 3269 oet,
631 3220 652 3257 s.
670 3205 698 3257 ll.
785 3207 934 3257 iberitam
951 3208 1178 3258 mulierum-in
1197 3209 1267 3261 hoen.
1382 3231 1383 3238 ι

69 3289 72 3294 ’
183 3273 252 3336 t,1t
272 3285 305 3325 zu
322 3270 585 3332 Adfirmat—dicet.
749 3287 795 3323 un.
809 3287 903 3337 genos.
933 3272 982 3325 Ein
999 3274 1268 3328 ihnlicherWechsel
1382 3249 1383 3337 l

219 3341 243 3390 t.
266 3341 296 3388 im
315 3341 388 3388 uenis
405 3338 587 3406 medullisque.
622 3339 698 3392 lliese
749 3339 794 3391 der
806 3338 1000 3408 Konstruktion,
1013 3342 1063 3394 wie
1077 3347 1101 3408 t,
1112 3346 1144 3397 16
1155 3343 1197 3396 bei
1207 3346 1268 3396 aud·

183 3405 343 3470 Ausdrdclre,
361 3406 443 3457 sowie
460 3409 563 3458 viscera
580 3410 633 3471 (ll,
647 3410 698 3471 25),
748 3410 828 3458 icere.

183 3473 287 3525 werden
306 3474 346 3526 oit
363 3473 470 3526 bildlich
488 3474 636 3541 gebraucht,
654 3490 698 3527 um
783 3479 813 3527 in
824 3492 888 3542 μισο
913 3470 964 3541 ’νῳ
973 3478 1049 3542 Atili,
1062 3479 1134 3530 einer
1146 3478 1268 3532 Bearbei·
1381 3473 1382 3482 ’

183 3542 229 3593 das
253 3542 315 3593 tiele
339 3541 401 3594 oder
424 3542 584 3608 verborgene
607 3541 696 3593 lunera
748 3545 875 3609 tnngvon
912 3544 1037 3597 enanders
1050 3546 1268 3614 gleichnamigem

183 3623 216 3659 an
228 3609 393 3672 bezeichnen,
406 3609 496 3675 ogtv.
510 3611 533 3673 9,
545 3613 589 3670 273
603 3609 629 3660 in
642 3609 696 3662 Get.
748 3609 885 3678 Luetspiel.
903 3640 938 3650 —
958 3611 1012 3664 lien
1035 3611 1070 3665 M.
1088 3615 1197 3680 Atilius,
1222 3615 1269 3668 der

183 3675 201 3726 l.
222 3678 261 3740 13,
275 3679 320 3737 31;
339 3676 365 3727 in
383 3675 450 3729 Phil.
468 3677 486 3728 l.
506 3680 545 3742 15,
558 3679 601 3729 36.
748 3679 813 3730 uach
831 3679 863 3730 de
880 3678 925 3731 fin.
942 3679 961 3731 l.
981 3683 1033 3746 t‚5
1056 3683 1121 3734 auch
1140 3681 1268 3750 'l'ragilrer
1380 3725 1381 3748 ,

220 3745 259 3795 19.
278 3744 361 3806 Haeo,
384 3759 452 3809 quae
469 3745 538 3808 dieo,
557 3759 592 3795 sc.
611 3747 698 3795 morbi
748 3760 811 3810 wer,
823 3753 903 3798 neunt
912 3747 1001 3800 Cicero
1011 3748 1044 3799 ad
1053 3749 1107 3804 stt.
1120 3749 1188 3802 xit.
1199 3753 1266 3817 20,3
1380 3749 1381 3802 l

184 3813 210 3858 et
227 3813 432 3873 aegrotationae.
746 3819 827 3879 poeto
844 3815 1011 3868 durissimus.

220 3879 469 3940 cogitatione-re:
479 3870 518 3930 ‘in
530 3878 575 3930 der
586 3877 696 3932 'l'beorie
778 3883 819 3934 tt.
829 3881 922 3935 Timon
932 3898 978 3936 aus
986 3883 1080 3951 Athen,
1090 3901 1123 3937 nu
1133 3884 1267 3941 Sokrates'
