<?xml version="1.0" encoding="UTF-8"?>
<!DOCTYPE html PUBLIC "-//W3C//DTD XHTML 1.0 Transitional//EN"
    "http://www.w3.org/TR/xhtml1/DTD/xhtml1-transitional.dtd">
<html xmlns="http://www.w3.org/1999/xhtml" xml:lang="en" lang="en">
 <head>
  <title>
</title>
<meta http-equiv="Content-Type" content="text/html;charset=utf-8" />
  <meta name='ocr-system' content='tesseract 3.04.00' />
  <meta name='ocr-capabilities' content='ocr_page ocr_carea ocr_par ocr_line ocrx_word'/>
</head>
<body>
  <div class='ocr_page' id='page_1' title='image "./mtulliiciceroni00tiscgoog_0201.png"; bbox 0 0 2804 4474; ppageno 0'>
   <div class='ocr_carea' id='block_1_1' title="bbox 469 239 1196 306">
    <p class='ocr_par' dir='ltr' id='par_1_1' title="bbox 469 239 1196 306">
     <span class='ocr_line' id='line_1_1' title="bbox 469 239 1196 306; baseline 0.008 -14"><span class='ocrx_word' id='word_1_1' title='bbox 469 241 562 294; x_wconf 80' lang='lat' dir='ltr'>LIBER</span> <span class='ocrx_word' id='word_1_2' title='bbox 578 241 616 294; x_wconf 87' lang='lat' dir='ltr'>lll.</span> <span class='ocrx_word' id='word_1_3' title='bbox 635 244 676 306; x_wconf 85' lang='grc'>23,</span> <span class='ocrx_word' id='word_1_4' title='bbox 686 244 726 294; x_wconf 80' lang='grc'>56.</span> <span class='ocrx_word' id='word_1_5' title='bbox 737 245 777 296; x_wconf 81' lang='grc'>57.</span> <span class='ocrx_word' id='word_1_6' title='bbox 795 244 837 304; x_wconf 78' lang='lat' dir='ltr'>m,</span> <span class='ocrx_word' id='word_1_7' title='bbox 848 243 888 295; x_wconf 73' lang='lat'>57.</span> <span class='ocrx_word' id='word_1_8' title='bbox 1158 239 1196 298; x_wconf 81' lang='grc'>37</span> 
     </span>
    </p>
   </div>
   <div class='ocr_carea' id='block_1_2' title="bbox 67 413 1253 1855">
    <p class='ocr_par' dir='ltr' id='par_1_2' title="bbox 124 413 1251 749">
     <span class='ocr_line' id='line_1_2' title="bbox 212 413 1251 493; baseline 0.001 -21"><span class='ocrx_word' id='word_1_9' title='bbox 212 413 329 493; x_wconf 81' lang='lat' dir='ltr'>Duplex</span> <span class='ocrx_word' id='word_1_10' title='bbox 352 424 397 475; x_wconf 86' lang='lat' dir='ltr'>est</span> <span class='ocrx_word' id='word_1_11' title='bbox 417 414 508 490; x_wconf 78' lang='lat' dir='ltr'>igitur</span> <span class='ocrx_word' id='word_1_12' title='bbox 528 413 602 474; x_wconf 89' lang='lat' dir='ltr'>ratio</span> <span class='ocrx_word' id='word_1_13' title='bbox 623 413 684 472; x_wconf 81' lang='lat' dir='ltr'>veri</span> <span class='ocrx_word' id='word_1_14' title='bbox 705 413 891 492; x_wconf 85' lang='lat' dir='ltr'>reperiendi,</span> <span class='ocrx_word' id='word_1_15' title='bbox 913 432 974 474; x_wconf 93' lang='lat' dir='ltr'>non</span> <span class='ocrx_word' id='word_1_16' title='bbox 992 415 1021 475; x_wconf 92' lang='lat' dir='ltr'>in</span> <span class='ocrx_word' id='word_1_17' title='bbox 1043 415 1079 476; x_wconf 92' lang='lat' dir='ltr'>iis</span> <span class='ocrx_word' id='word_1_18' title='bbox 1092 415 1198 490; x_wconf 87' lang='lat' dir='ltr'>solum,</span> <span class='ocrx_word' id='word_1_19' title='bbox 1221 423 1251 473; x_wconf 81' lang='lat'>56</span> 
     </span>
     <span class='ocr_line' id='line_1_3' title="bbox 125 497 1200 580; baseline 0.004 -22"><span class='ocrx_word' id='word_1_20' title='bbox 125 515 202 577; x_wconf 88' lang='lat' dir='ltr'>quae</span> <span class='ocrx_word' id='word_1_21' title='bbox 218 499 304 572; x_wconf 89' lang='lat' dir='ltr'>mala,</span> <span class='ocrx_word' id='word_1_22' title='bbox 321 499 371 561; x_wconf 89' lang='lat' dir='ltr'>sed</span> <span class='ocrx_word' id='word_1_23' title='bbox 387 500 418 559; x_wconf 92' lang='lat' dir='ltr'>in</span> <span class='ocrx_word' id='word_1_24' title='bbox 433 499 469 560; x_wconf 90' lang='lat' dir='ltr'>iis</span> <span class='ocrx_word' id='word_1_25' title='bbox 484 499 587 571; x_wconf 88' lang='lat' dir='ltr'>etiam,</span> <span class='ocrx_word' id='word_1_26' title='bbox 603 515 678 576; x_wconf 87' lang='lat' dir='ltr'>quae</span> <span class='ocrx_word' id='word_1_27' title='bbox 693 497 770 559; x_wconf 89' lang='lat' dir='ltr'>bona</span> <span class='ocrx_word' id='word_1_28' title='bbox 786 498 938 574; x_wconf 66' lang='lat' dir='ltr'>videntum</span> <span class='ocrx_word' id='word_1_29' title='bbox 960 517 1028 560; x_wconf 88' lang='lat' dir='ltr'>nam</span> <span class='ocrx_word' id='word_1_30' title='bbox 1043 510 1094 560; x_wconf 90' lang='lat' dir='ltr'>aut</span> <span class='ocrx_word' id='word_1_31' title='bbox 1107 500 1200 580; x_wconf 82' lang='lat' dir='ltr'>ipsius</span> 
     </span>
     <span class='ocr_line' id='line_1_4' title="bbox 124 583 1198 664; baseline 0.003 -21"><span class='ocrx_word' id='word_1_32' title='bbox 124 583 169 644; x_wconf 89' lang='lat' dir='ltr'>rei</span> <span class='ocrx_word' id='word_1_33' title='bbox 184 583 403 662; x_wconf 80' lang='lat' dir='ltr'>naturaqualis</span> <span class='ocrx_word' id='word_1_34' title='bbox 418 594 448 645; x_wconf 89' lang='lat' dir='ltr'>et</span> <span class='ocrx_word' id='word_1_35' title='bbox 461 595 572 663; x_wconf 90' lang='lat' dir='ltr'>quanta</span> <span class='ocrx_word' id='word_1_36' title='bbox 587 584 625 645; x_wconf 93' lang='lat' dir='ltr'>sit</span> <span class='ocrx_word' id='word_1_37' title='bbox 639 584 823 661; x_wconf 78' lang='lat' dir='ltr'><strong>quaerimus,</strong></span> <span class='ocrx_word' id='word_1_38' title='bbox 846 592 879 643; x_wconf 89' lang='lat' dir='ltr'>ut</span> <span class='ocrx_word' id='word_1_39' title='bbox 892 584 929 644; x_wconf 93' lang='lat' dir='ltr'>de</span> <span class='ocrx_word' id='word_1_40' title='bbox 944 595 1116 664; x_wconf 91' lang='lat' dir='ltr'>paupertate</span> <span class='ocrx_word' id='word_1_41' title='bbox 1137 605 1198 646; x_wconf 92' lang='lat' dir='ltr'>non</span> 
     </span>
     <span class='ocr_line' id='line_1_5' title="bbox 125 668 1199 749; baseline 0.002 -21"><span class='ocrx_word' id='word_1_42' title='bbox 125 687 303 747; x_wconf 81' lang='lat' dir='ltr'><strong>numquam,</strong></span> <span class='ocrx_word' id='word_1_43' title='bbox 319 669 404 730; x_wconf 88' lang='lat' dir='ltr'>ouius</span> <span class='ocrx_word' id='word_1_44' title='bbox 419 689 496 731; x_wconf 89' lang='lat' dir='ltr'>onus</span> <span class='ocrx_word' id='word_1_45' title='bbox 511 669 688 749; x_wconf 90' lang='lat' dir='ltr'>disputando</span> <span class='ocrx_word' id='word_1_46' title='bbox 699 668 838 742; x_wconf 89' lang='lat' dir='ltr'>levamus,</span> <span class='ocrx_word' id='word_1_47' title='bbox 854 669 996 730; x_wconf 79' lang='lat' dir='ltr'>docentes</span> <span class='ocrx_word' id='word_1_48' title='bbox 1010 688 1097 747; x_wconf 92' lang='lat' dir='ltr'>quam</span> <span class='ocrx_word' id='word_1_49' title='bbox 1113 688 1199 749; x_wconf 79' lang='lat' dir='ltr'>parva</span> 
     </span>
    </p>

    <p class='ocr_par' dir='ltr' id='par_1_3' title="bbox 80 753 1200 1004">
     <span class='ocr_line' id='line_1_6' title="bbox 80 753 1200 834; baseline 0.004 -25"><span class='ocrx_word' id='word_1_50' title='bbox 80 761 100 809; x_wconf 83' lang='lat'>5</span> <span class='ocrx_word' id='word_1_51' title='bbox 123 764 154 814; x_wconf 92' lang='lat' dir='ltr'>et</span> <span class='ocrx_word' id='word_1_52' title='bbox 169 772 261 832; x_wconf 91' lang='lat' dir='ltr'>quam</span> <span class='ocrx_word' id='word_1_53' title='bbox 275 773 369 834; x_wconf 88' lang='lat' dir='ltr'>pauca</span> <span class='ocrx_word' id='word_1_54' title='bbox 385 755 445 816; x_wconf 89' lang='lat' dir='ltr'>sint</span> <span class='ocrx_word' id='word_1_55' title='bbox 459 773 534 834; x_wconf 87' lang='lat' dir='ltr'>quae</span> <span class='ocrx_word' id='word_1_56' title='bbox 550 766 655 814; x_wconf 90' lang='lat' dir='ltr'>natura</span> <span class='ocrx_word' id='word_1_57' title='bbox 671 753 832 828; x_wconf 81' lang='lat' dir='ltr'>desideret,</span> <span class='ocrx_word' id='word_1_58' title='bbox 851 765 931 816; x_wconf 90' lang='lat' dir='ltr'>auta</span> <span class='ocrx_word' id='word_1_59' title='bbox 947 754 1115 834; x_wconf 87' lang='lat' dir='ltr'>disputandi</span> <span class='ocrx_word' id='word_1_60' title='bbox 1129 753 1200 817; x_wconf 89' lang='lat' dir='ltr'>sob-</span> 
     </span>
     <span class='ocr_line' id='line_1_7' title="bbox 127 836 1200 918; baseline 0.003 -19"><span class='ocrx_word' id='word_1_61' title='bbox 127 839 232 900; x_wconf 87' lang='lat' dir='ltr'>tilitate</span> <span class='ocrx_word' id='word_1_62' title='bbox 249 839 414 900; x_wconf 87' lang='lat' dir='ltr'>orationem</span> <span class='ocrx_word' id='word_1_63' title='bbox 429 841 465 900; x_wconf 92' lang='lat' dir='ltr'>ad</span> <span class='ocrx_word' id='word_1_64' title='bbox 481 838 613 918; x_wconf 84' lang='lat' dir='ltr'>exempla</span> <span class='ocrx_word' id='word_1_65' title='bbox 629 836 819 900; x_wconf 85' lang='lat' dir='ltr'>traducimus.</span> <span class='ocrx_word' id='word_1_66' title='bbox 850 838 904 900; x_wconf 84' lang='lat' dir='ltr'>llio</span> <span class='ocrx_word' id='word_1_67' title='bbox 920 840 1057 902; x_wconf 77' lang='lat' dir='ltr'>Socrates</span> <span class='ocrx_word' id='word_1_68' title='bbox 1071 847 1200 902; x_wconf 84' lang='lat' dir='ltr'>comme·</span> 
     </span>
     <span class='ocr_line' id='line_1_8' title="bbox 124 923 881 1004; baseline 0 -20"><span class='ocrx_word' id='word_1_69' title='bbox 124 934 271 998; x_wconf 86' lang='lat' dir='ltr'>moratur,</span> <span class='ocrx_word' id='word_1_70' title='bbox 286 925 334 984; x_wconf 89' lang='lat' dir='ltr'>hio</span> <span class='ocrx_word' id='word_1_71' title='bbox 349 925 506 1004; x_wconf 79' lang='lat' dir='ltr'>Diogenes,</span> <span class='ocrx_word' id='word_1_72' title='bbox 522 924 570 984; x_wconf 87' lang='lat' dir='ltr'>bic</span> <span class='ocrx_word' id='word_1_73' title='bbox 587 923 782 984; x_wconf 86' lang='lat' dir='ltr'>Caecilianum</span> <span class='ocrx_word' id='word_1_74' title='bbox 797 924 881 985; x_wconf 91' lang='lat' dir='ltr'>illud:</span> 
     </span>
    </p>

    <p class='ocr_par' dir='ltr' id='par_1_4' title="bbox 67 1009 1251 1599">
     <span class='ocr_line' id='line_1_9' title="bbox 281 1009 1014 1090; baseline 0.004 -21"><span class='ocrx_word' id='word_1_75' title='bbox 281 1009 370 1090; x_wconf 69' lang='lat' dir='ltr'>Saepe</span> <span class='ocrx_word' id='word_1_76' title='bbox 384 1021 424 1070; x_wconf 82' lang='lat' dir='ltr'>est</span> <span class='ocrx_word' id='word_1_77' title='bbox 438 1015 523 1071; x_wconf 82' lang='lat' dir='ltr'>etlam</span> <span class='ocrx_word' id='word_1_78' title='bbox 537 1009 589 1071; x_wconf 77' lang='lat' dir='ltr'>sub</span> <span class='ocrx_word' id='word_1_79' title='bbox 601 1009 720 1090; x_wconf 77' lang='lat' dir='ltr'>palliolo</span> <span class='ocrx_word' id='word_1_80' title='bbox 734 1009 848 1070; x_wconf 80' lang='lat' dir='ltr'>sordido</span> <span class='ocrx_word' id='word_1_81' title='bbox 863 1011 1014 1090; x_wconf 78' lang='lat' dir='ltr'>sople&#39;ntio.</span> 
     </span>
     <span class='ocr_line' id='line_1_10' title="bbox 124 1093 1201 1174; baseline 0.001 -20"><span class='ocrx_word' id='word_1_82' title='bbox 124 1093 199 1155; x_wconf 90' lang='lat' dir='ltr'>Cum</span> <span class='ocrx_word' id='word_1_83' title='bbox 222 1095 304 1156; x_wconf 90' lang='lat' dir='ltr'>enim</span> <span class='ocrx_word' id='word_1_84' title='bbox 325 1095 507 1174; x_wconf 76' lang='lat' dir='ltr'>paupertatis</span> <span class='ocrx_word' id='word_1_85' title='bbox 531 1113 588 1156; x_wconf 92' lang='lat' dir='ltr'>uua</span> <span class='ocrx_word' id='word_1_86' title='bbox 609 1095 771 1172; x_wconf 85' lang='lat' dir='ltr'>eademque</span> <span class='ocrx_word' id='word_1_87' title='bbox 789 1094 897 1166; x_wconf 85' lang='lat' dir='ltr'>sitris,</span> <span class='ocrx_word' id='word_1_88' title='bbox 920 1094 1060 1174; x_wconf 89' lang='lat' dir='ltr'>quidnam</span> <span class='ocrx_word' id='word_1_89' title='bbox 1074 1093 1131 1156; x_wconf 93' lang='lat' dir='ltr'>dici</span> <span class='ocrx_word' id='word_1_90' title='bbox 1147 1113 1201 1174; x_wconf 93' lang='lat' dir='ltr'>po·</span> 
     </span>
     <span class='ocr_line' id='line_1_11' title="bbox 67 1177 1200 1259; baseline 0.001 -21"><span class='ocrx_word' id='word_1_91' title='bbox 67 1189 101 1238; x_wconf 83' lang='lat' dir='ltr'>lo</span> <span class='ocrx_word' id='word_1_92' title='bbox 124 1188 185 1239; x_wconf 88' lang='lat' dir='ltr'>test</span> <span class='ocrx_word' id='word_1_93' title='bbox 198 1197 288 1257; x_wconf 91' lang='lat' dir='ltr'>quam</span> <span class='ocrx_word' id='word_1_94' title='bbox 304 1179 342 1239; x_wconf 95' lang='lat' dir='ltr'>ob</span> <span class='ocrx_word' id='word_1_95' title='bbox 358 1199 421 1240; x_wconf 90' lang='lat' dir='ltr'>rem</span> <span class='ocrx_word' id='word_1_96' title='bbox 434 1181 464 1242; x_wconf 84' lang='lat' dir='ltr'>C.</span> <span class='ocrx_word' id='word_1_97' title='bbox 480 1179 617 1240; x_wconf 82' lang='lat' dir='ltr'>Fabricio</span> <span class='ocrx_word' id='word_1_98' title='bbox 633 1177 794 1240; x_wconf 86' lang='lat' dir='ltr'>tolerabilis</span> <span class='ocrx_word' id='word_1_99' title='bbox 812 1198 846 1239; x_wconf 89' lang='lat' dir='ltr'>ea</span> <span class='ocrx_word' id='word_1_100' title='bbox 864 1180 962 1252; x_wconf 87' lang='lat' dir='ltr'>luerit,</span> <span class='ocrx_word' id='word_1_101' title='bbox 980 1181 1027 1240; x_wconf 92' lang='lat' dir='ltr'>alii</span> <span class='ocrx_word' id='word_1_102' title='bbox 1043 1189 1155 1259; x_wconf 80' lang='lat' dir='ltr'>negent</span> <span class='ocrx_word' id='word_1_103' title='bbox 1169 1197 1200 1240; x_wconf 91' lang='lat' dir='ltr'>se</span> 
     </span>
     <span class='ocr_line' id='line_1_12' title="bbox 124 1263 1251 1344; baseline 0.007 -22"><span class='ocrx_word' id='word_1_104' title='bbox 124 1266 205 1324; x_wconf 88' lang='lat' dir='ltr'>l&#39;erre</span> <span class='ocrx_word' id='word_1_105' title='bbox 228 1263 337 1342; x_wconf 86' lang='lat' dir='ltr'>posse?</span> <span class='ocrx_word' id='word_1_106' title='bbox 363 1265 439 1326; x_wconf 87' lang='lat' dir='ltr'>Huic</span> <span class='ocrx_word' id='word_1_107' title='bbox 460 1265 550 1344; x_wconf 83' lang='lat' dir='ltr'>igitur</span> <span class='ocrx_word' id='word_1_108' title='bbox 571 1265 654 1325; x_wconf 85' lang='lat' dir='ltr'>altem&#39;</span> <span class='ocrx_word' id='word_1_109' title='bbox 675 1265 778 1342; x_wconf 83' lang='lat' dir='ltr'>generi</span> <span class='ocrx_word' id='word_1_110' title='bbox 798 1265 901 1326; x_wconf 90' lang='lat' dir='ltr'>similis</span> <span class='ocrx_word' id='word_1_111' title='bbox 923 1275 968 1326; x_wconf 86' lang='lat' dir='ltr'>est</span> <span class='ocrx_word' id='word_1_112' title='bbox 987 1284 1020 1326; x_wconf 93' lang='lat' dir='ltr'>ea</span> <span class='ocrx_word' id='word_1_113' title='bbox 1035 1266 1111 1325; x_wconf 88' lang='lat' dir='ltr'>ratio</span> <span class='ocrx_word' id='word_1_114' title='bbox 1127 1282 1200 1325; x_wconf 88' lang='lat' dir='ltr'>oon·</span> <span class='ocrx_word' id='word_1_115' title='bbox 1222 1281 1251 1330; x_wconf 79' lang='lat' dir='ltr'>ot</span> 
     </span>
     <span class='ocr_line' id='line_1_13' title="bbox 124 1348 1200 1428; baseline 0.001 -20"><span class='ocrx_word' id='word_1_116' title='bbox 124 1348 257 1421; x_wconf 89' lang='lat' dir='ltr'>solandi,</span> <span class='ocrx_word' id='word_1_117' title='bbox 280 1368 356 1427; x_wconf 89' lang='lat' dir='ltr'>quae</span> <span class='ocrx_word' id='word_1_118' title='bbox 376 1351 465 1411; x_wconf 84' lang='lat' dir='ltr'>docet</span> <span class='ocrx_word' id='word_1_119' title='bbox 479 1352 607 1412; x_wconf 86' lang='lat' dir='ltr'>bumana</span> <span class='ocrx_word' id='word_1_120' title='bbox 623 1369 688 1411; x_wconf 86' lang='lat' dir='ltr'>esse</span> <span class='ocrx_word' id='word_1_121' title='bbox 703 1368 778 1428; x_wconf 89' lang='lat' dir='ltr'>quae</span> <span class='ocrx_word' id='word_1_122' title='bbox 793 1349 964 1410; x_wconf 82' lang='lat' dir='ltr'>acciderint.</span> <span class='ocrx_word' id='word_1_123' title='bbox 993 1349 1057 1410; x_wconf 92' lang='lat' dir='ltr'>Non</span> <span class='ocrx_word' id='word_1_124' title='bbox 1076 1349 1154 1410; x_wconf 87' lang='lat' dir='ltr'>eninr</span> <span class='ocrx_word' id='word_1_125' title='bbox 1172 1349 1200 1409; x_wconf 95' lang='lat' dir='ltr'>id</span> 
     </span>
     <span class='ocr_line' id='line_1_14' title="bbox 124 1433 1201 1515; baseline 0 -22"><span class='ocrx_word' id='word_1_126' title='bbox 124 1433 222 1494; x_wconf 88' lang='lat' dir='ltr'>solum</span> <span class='ocrx_word' id='word_1_127' title='bbox 250 1435 386 1495; x_wconf 85' lang='lat' dir='ltr'>eontinet</span> <span class='ocrx_word' id='word_1_128' title='bbox 407 1453 441 1496; x_wconf 88' lang='lat' dir='ltr'>ea</span> <span class='ocrx_word' id='word_1_129' title='bbox 463 1435 638 1515; x_wconf 88' lang='lat' dir='ltr'>disputatio,</span> <span class='ocrx_word' id='word_1_130' title='bbox 667 1445 700 1495; x_wconf 94' lang='lat' dir='ltr'>ut</span> <span class='ocrx_word' id='word_1_131' title='bbox 722 1434 923 1515; x_wconf 80' lang='lat' dir='ltr'>cognitionem</span> <span class='ocrx_word' id='word_1_132' title='bbox 947 1434 1058 1494; x_wconf 83' lang='lat' dir='ltr'>adl&#39;erau</span> <span class='ocrx_word' id='word_1_133' title='bbox 1083 1434 1201 1512; x_wconf 84' lang='lat' dir='ltr'>generis</span> 
     </span>
     <span class='ocr_line' id='line_1_15' title="bbox 125 1518 1201 1599; baseline 0.001 -22"><span class='ocrx_word' id='word_1_134' title='bbox 125 1518 266 1587; x_wconf 82' lang='lat' dir='ltr'>humani,</span> <span class='ocrx_word' id='word_1_135' title='bbox 289 1521 339 1580; x_wconf 84' lang='lat' dir='ltr'>sod</span> <span class='ocrx_word' id='word_1_136' title='bbox 362 1521 508 1599; x_wconf 84' lang='lat' dir='ltr'>signifieat</span> <span class='ocrx_word' id='word_1_137' title='bbox 529 1519 693 1582; x_wconf 82' lang='lat' dir='ltr'>tolerabilia</span> <span class='ocrx_word' id='word_1_138' title='bbox 709 1539 773 1580; x_wconf 86' lang='lat' dir='ltr'>esse</span> <span class='ocrx_word' id='word_1_139' title='bbox 789 1538 864 1599; x_wconf 86' lang='lat' dir='ltr'>quae</span> <span class='ocrx_word' id='word_1_140' title='bbox 879 1519 1046 1580; x_wconf 82' lang='lat' dir='ltr'>attulerint</span> <span class='ocrx_word' id='word_1_141' title='bbox 1062 1529 1090 1579; x_wconf 88' lang='lat' dir='ltr'>et</span> <span class='ocrx_word' id='word_1_142' title='bbox 1105 1520 1201 1578; x_wconf 88' lang='lat' dir='ltr'>lerant</span> 
     </span>
    </p>

    <p class='ocr_par' dir='ltr' id='par_1_5' title="bbox 71 1604 1253 1855">
     <span class='ocr_line' id='line_1_16' title="bbox 71 1604 1253 1685; baseline 0.003 -22"><span class='ocrx_word' id='word_1_143' title='bbox 71 1615 101 1663; x_wconf 83' lang='lat'>15</span> <span class='ocrx_word' id='word_1_144' title='bbox 123 1604 226 1664; x_wconf 79' lang='lat' dir='ltr'>ceteri.</span> <span class='ocrx_word' id='word_1_145' title='bbox 248 1604 291 1665; x_wconf 83' lang='lat' dir='ltr'>lle</span> <span class='ocrx_word' id='word_1_146' title='bbox 306 1615 480 1684; x_wconf 86' lang='lat' dir='ltr'>paupertate</span> <span class='ocrx_word' id='word_1_147' title='bbox 487 1605 594 1684; x_wconf 86' lang='lat' dir='ltr'>agitur,</span> <span class='ocrx_word' id='word_1_148' title='bbox 606 1606 690 1666; x_wconf 91' lang='lat' dir='ltr'>multi</span> <span class='ocrx_word' id='word_1_149' title='bbox 702 1604 848 1685; x_wconf 87' lang='lat' dir='ltr'>patientes</span> <span class='ocrx_word' id='word_1_150' title='bbox 860 1623 1006 1684; x_wconf 88' lang='lat' dir='ltr'>pauperes</span> <span class='ocrx_word' id='word_1_151' title='bbox 1018 1622 1197 1665; x_wconf 84' lang='lat' dir='ltr'>commemo·</span> <span class='ocrx_word' id='word_1_152' title='bbox 1216 1611 1253 1666; x_wconf 76' lang='lat'>24</span> 
     </span>
     <span class='ocr_line' id='line_1_17' title="bbox 123 1688 1203 1768; baseline 0.003 -21"><span class='ocrx_word' id='word_1_153' title='bbox 123 1699 245 1763; x_wconf 84' lang='lat' dir='ltr'>rantur3</span> <span class='ocrx_word' id='word_1_154' title='bbox 269 1688 305 1750; x_wconf 85' lang='lat' dir='ltr'>do</span> <span class='ocrx_word' id='word_1_155' title='bbox 321 1693 541 1752; x_wconf 83' lang='lat' dir='ltr'>contemnendo</span> <span class='ocrx_word' id='word_1_156' title='bbox 557 1692 685 1764; x_wconf 86' lang='lat' dir='ltr'>bonore,</span> <span class='ocrx_word' id='word_1_157' title='bbox 708 1690 793 1750; x_wconf 88' lang='lat' dir='ltr'>multi</span> <span class='ocrx_word' id='word_1_158' title='bbox 814 1689 984 1751; x_wconf 87' lang='lat' dir='ltr'>inhonorati</span> <span class='ocrx_word' id='word_1_159' title='bbox 1006 1691 1203 1768; x_wconf 89' lang='lat' dir='ltr'>proleruntur</span> 
     </span>
     <span class='ocr_line' id='line_1_18' title="bbox 124 1773 1201 1855; baseline 0.002 -22"><span class='ocrx_word' id='word_1_160' title='bbox 124 1783 155 1833; x_wconf 92' lang='lat' dir='ltr'>et</span> <span class='ocrx_word' id='word_1_161' title='bbox 176 1773 296 1851; x_wconf 91' lang='lat' dir='ltr'>quidem</span> <span class='ocrx_word' id='word_1_162' title='bbox 318 1785 444 1853; x_wconf 87' lang='lat' dir='ltr'>propter</span> <span class='ocrx_word' id='word_1_163' title='bbox 457 1776 485 1835; x_wconf 91' lang='lat' dir='ltr'>id</span> <span class='ocrx_word' id='word_1_164' title='bbox 501 1776 597 1855; x_wconf 92' lang='lat' dir='ltr'>ipsum</span> <span class='ocrx_word' id='word_1_165' title='bbox 613 1774 774 1849; x_wconf 87' lang='lat' dir='ltr'>beatiores,</span> <span class='ocrx_word' id='word_1_166' title='bbox 795 1793 974 1853; x_wconf 87' lang='lat' dir='ltr'>eorumque,</span> <span class='ocrx_word' id='word_1_167' title='bbox 990 1775 1041 1853; x_wconf 93' lang='lat' dir='ltr'>qui</span> <span class='ocrx_word' id='word_1_168' title='bbox 1056 1775 1201 1854; x_wconf 83' lang='lat' dir='ltr'>privatum</span> 
     </span>
    </p>
   </div>
   <div class='ocr_carea' id='block_1_3' title="bbox 121 1939 1203 3979">
    <p class='ocr_par' dir='ltr' id='par_1_6' title="bbox 122 1939 1203 2212">
     <span class='ocr_line' id='line_1_19' title="bbox 122 1939 1203 2006; baseline 0.004 -15"><span class='ocrx_word' id='word_1_169' title='bbox 122 1939 263 2002; x_wconf 72' lang='lat' dir='ltr'>deultum,</span> <span class='ocrx_word' id='word_1_170' title='bbox 280 1940 336 1992; x_wconf 85' lang='lat' dir='ltr'>dals</span> <span class='ocrx_word' id='word_1_171' title='bbox 351 1957 411 1994; x_wconf 86' lang='lat' dir='ltr'>man</span> <span class='ocrx_word' id='word_1_172' title='bbox 424 1958 456 1994; x_wconf 81' lang='lat' dir='ltr'>zu</span> <span class='ocrx_word' id='word_1_173' title='bbox 469 1958 525 1994; x_wconf 79' lang='lat' dir='ltr'>non</span> <span class='ocrx_word' id='word_1_174' title='bbox 535 1944 566 1995; x_wconf 80' lang='lat' dir='ltr'>id</span> <span class='ocrx_word' id='word_1_175' title='bbox 581 1941 640 2004; x_wconf 74' lang='lat' dir='ltr'>effi·</span> <span class='ocrx_word' id='word_1_176' title='bbox 691 1941 865 2006; x_wconf 82' lang='lat' dir='ltr'>belrenntlicb‚</span> <span class='ocrx_word' id='word_1_177' title='bbox 884 1942 932 1994; x_wconf 84' lang='grc'>280</span> <span class='ocrx_word' id='word_1_178' title='bbox 945 1942 1010 1993; x_wconf 83' lang='lat' dir='ltr'>naob</span> <span class='ocrx_word' id='word_1_179' title='bbox 1022 1941 1068 1994; x_wconf 84' lang='lat' dir='ltr'>der</span> <span class='ocrx_word' id='word_1_180' title='bbox 1080 1941 1203 1994; x_wconf 82' lang='lat' dir='ltr'>Schlaoht</span> 
     </span>
     <span class='ocr_line' id='line_1_20' title="bbox 123 2008 1203 2077; baseline 0.005 -19"><span class='ocrx_word' id='word_1_181' title='bbox 123 2010 200 2058; x_wconf 69' lang='lat' dir='ltr'>munt</span> <span class='ocrx_word' id='word_1_182' title='bbox 212 2008 396 2074; x_wconf 78' lang='lat' dir='ltr'>binzuerginzt</span> <span class='ocrx_word' id='word_1_183' title='bbox 408 2013 466 2076; x_wconf 75' lang='lat' dir='ltr'>ipsa</span> <span class='ocrx_word' id='word_1_184' title='bbox 475 2027 526 2076; x_wconf 80' lang='lat' dir='ltr'>por</span> <span class='ocrx_word' id='word_1_185' title='bbox 537 2028 573 2066; x_wconf 78' lang='lat' dir='ltr'>se,</span> <span class='ocrx_word' id='word_1_186' title='bbox 594 2010 640 2062; x_wconf 84' lang='lat' dir='ltr'>Ilie</span> <span class='ocrx_word' id='word_1_187' title='bbox 692 2010 733 2060; x_wconf 91' lang='lat' dir='ltr'>bei</span> <span class='ocrx_word' id='word_1_188' title='bbox 751 2009 871 2060; x_wconf 85' lang='lat' dir='ltr'>Heraclea</span> <span class='ocrx_word' id='word_1_189' title='bbox 890 2025 921 2060; x_wconf 83' lang='lat' dir='ltr'>zu</span> <span class='ocrx_word' id='word_1_190' title='bbox 938 2008 1052 2077; x_wconf 82' lang='lat' dir='ltr'>Pyrrhus</span> <span class='ocrx_word' id='word_1_191' title='bbox 1069 2010 1135 2062; x_wconf 83' lang='lat' dir='ltr'>uach</span> <span class='ocrx_word' id='word_1_192' title='bbox 1152 2009 1203 2062; x_wconf 84' lang='lat' dir='ltr'>Ta-</span> 
     </span>
     <span class='ocr_line' id='line_1_21' title="bbox 123 2075 1203 2144; baseline 0.006 -18"><span class='ocrx_word' id='word_1_193' title='bbox 123 2091 205 2137; x_wconf 75' lang='lat' dir='ltr'>ganne</span> <span class='ocrx_word' id='word_1_194' title='bbox 213 2075 295 2128; x_wconf 76' lang='lat' dir='ltr'>Stella</span> <span class='ocrx_word' id='word_1_195' title='bbox 305 2077 370 2128; x_wconf 90' lang='lat' dir='ltr'>istin</span> <span class='ocrx_word' id='word_1_196' title='bbox 381 2077 425 2128; x_wconf 92' lang='lat' dir='ltr'>der</span> <span class='ocrx_word' id='word_1_197' title='bbox 432 2079 640 2144; x_wconf 74' lang='lat' dir='ltr'>gegenwmtigen</span> <span class='ocrx_word' id='word_1_198' title='bbox 691 2085 748 2128; x_wconf 87' lang='lat' dir='ltr'>rent</span> <span class='ocrx_word' id='word_1_199' title='bbox 764 2076 906 2142; x_wconf 76' lang='lat' dir='ltr'>geschickt,</span> <span class='ocrx_word' id='word_1_200' title='bbox 924 2077 969 2128; x_wconf 85' lang='lat' dir='ltr'>das</span> <span class='ocrx_word' id='word_1_201' title='bbox 984 2077 1048 2129; x_wconf 90' lang='lat' dir='ltr'>Gold</span> <span class='ocrx_word' id='word_1_202' title='bbox 1066 2078 1203 2132; x_wconf 81' lang='lat' dir='ltr'>desselben</span> 
     </span>
     <span class='ocr_line' id='line_1_22' title="bbox 123 2143 1041 2212; baseline 0.002 -17"><span class='ocrx_word' id='word_1_203' title='bbox 123 2143 241 2210; x_wconf 78' lang='lat' dir='ltr'>Fassuug</span> <span class='ocrx_word' id='word_1_204' title='bbox 256 2144 347 2196; x_wconf 78' lang='lat' dir='ltr'>unlrlar</span> <span class='ocrx_word' id='word_1_205' title='bbox 363 2145 416 2196; x_wconf 92' lang='lat' dir='ltr'>und</span> <span class='ocrx_word' id='word_1_206' title='bbox 429 2145 640 2200; x_wconf 81' lang='lat' dir='ltr'>wabrsclieinliob</span> <span class='ocrx_word' id='word_1_207' title='bbox 691 2146 738 2196; x_wconf 90' lang='lat' dir='ltr'>mit</span> <span class='ocrx_word' id='word_1_208' title='bbox 755 2143 919 2212; x_wconf 77' lang='lat' dir='ltr'>Veracbtung</span> <span class='ocrx_word' id='word_1_209' title='bbox 937 2146 1041 2198; x_wconf 74' lang='lat' dir='ltr'>turdela.</span> 
     </span>
    </p>

    <p class='ocr_par' dir='ltr' id='par_1_7' title="bbox 123 2207 1203 2279">
     <span class='ocr_line' id='line_1_23' title="bbox 123 2207 1203 2279; baseline 0.005 -17"><span class='ocrx_word' id='word_1_210' title='bbox 123 2226 243 2276; x_wconf 73' lang='lat' dir='ltr'>ungendo</span> <span class='ocrx_word' id='word_1_211' title='bbox 261 2215 418 2266; x_wconf 72' lang='lat' dir='ltr'>auertissent,</span> <span class='ocrx_word' id='word_1_212' title='bbox 727 2217 767 2267; x_wconf 90' lang='grc'>11.</span> <span class='ocrx_word' id='word_1_213' title='bbox 779 2213 849 2265; x_wconf 79' lang='lat' dir='ltr'>Huic</span> <span class='ocrx_word' id='word_1_214' title='bbox 861 2213 940 2265; x_wconf 79' lang='lat' dir='ltr'>altm&#39;</span> <span class='ocrx_word' id='word_1_215' title='bbox 947 2207 1150 2279; x_wconf 75' lang='lat' dir='ltr'>generi‘lllelse</span> <span class='ocrx_word' id='word_1_216' title='bbox 1168 2230 1203 2268; x_wconf 81' lang='lat' dir='ltr'>zu·</span> 
     </span>
    </p>

    <p class='ocr_par' dir='ltr' id='par_1_8' title="bbox 125 2275 1200 2417">
     <span class='ocr_line' id='line_1_24' title="bbox 159 2275 1176 2350; baseline 0.003 -17"><span class='ocrx_word' id='word_1_217' title='bbox 159 2284 183 2334; x_wconf 84' lang='lat'>3.</span> <span class='ocrx_word' id='word_1_218' title='bbox 196 2281 286 2347; x_wconf 72' lang='lat' dir='ltr'>qualia</span> <span class='ocrx_word' id='word_1_219' title='bbox 303 2288 329 2332; x_wconf 87' lang='lat' dir='ltr'>et</span> <span class='ocrx_word' id='word_1_220' title='bbox 345 2287 455 2348; x_wconf 83' lang='lat' dir='ltr'>quanta,</span> <span class='ocrx_word' id='word_1_221' title='bbox 474 2299 494 2336; x_wconf 85' lang='lat' dir='ltr'>s.</span> <span class='ocrx_word' id='word_1_222' title='bbox 511 2286 580 2346; x_wconf 78' lang='lat' dir='ltr'>nub,</span> <span class='ocrx_word' id='word_1_223' title='bbox 594 2286 639 2337; x_wconf 83' lang='lat'>11:</span> <span class='ocrx_word' id='word_1_224' title='bbox 691 2275 830 2346; x_wconf 84' lang='lat' dir='ltr'>belebren&#39;,</span> <span class='ocrx_word' id='word_1_225' title='bbox 848 2282 924 2334; x_wconf 77' lang='lat' dir='ltr'>tilaml.</span> <span class='ocrx_word' id='word_1_226' title='bbox 942 2283 1021 2334; x_wconf 87' lang='lat' dir='ltr'>durcb</span> <span class='ocrx_word' id='word_1_227' title='bbox 1040 2283 1176 2350; x_wconf 85' lang='lat' dir='ltr'>Beispiele.</span> 
     </span>
     <span class='ocr_line' id='line_1_25' title="bbox 125 2350 1200 2417; baseline 0.004 -18"><span class='ocrx_word' id='word_1_228' title='bbox 125 2350 191 2414; x_wconf 82' lang='lat' dir='ltr'>quid</span> <span class='ocrx_word' id='word_1_229' title='bbox 208 2351 338 2415; x_wconf 77' lang='lat' dir='ltr'>alquale.</span> <span class='ocrx_word' id='word_1_230' title='bbox 726 2353 765 2403; x_wconf 85' lang='lat'>13.</span> <span class='ocrx_word' id='word_1_231' title='bbox 784 2353 964 2415; x_wconf 78' lang='lat' dir='ltr'>cognitionem</span> <span class='ocrx_word' id='word_1_232' title='bbox 981 2367 1044 2416; x_wconf 75' lang='lat' dir='ltr'>gen.</span> <span class='ocrx_word' id='word_1_233' title='bbox 1057 2355 1137 2417; x_wconf 76' lang='lat' dir='ltr'>tum,</span> <span class='ocrx_word' id='word_1_234' title='bbox 1153 2353 1200 2404; x_wconf 86' lang='lat' dir='ltr'>mit</span> 
     </span>
    </p>

    <p class='ocr_par' dir='ltr' id='par_1_9' title="bbox 121 2416 1201 3230">
     <span class='ocr_line' id='line_1_26' title="bbox 159 2416 1198 2485; baseline 0.004 -18"><span class='ocrx_word' id='word_1_235' title='bbox 159 2417 192 2468; x_wconf 87' lang='lat' dir='ltr'>de</span> <span class='ocrx_word' id='word_1_236' title='bbox 210 2422 386 2482; x_wconf 84' lang='lat' dir='ltr'>paupertate,</span> <span class='ocrx_word' id='word_1_237' title='bbox 413 2433 488 2469; x_wconf 82' lang='lat' dir='ltr'>wozu</span> <span class='ocrx_word' id='word_1_238' title='bbox 511 2433 557 2470; x_wconf 87' lang='lat' dir='ltr'>aus</span> <span class='ocrx_word' id='word_1_239' title='bbox 580 2418 638 2470; x_wconf 87' lang='lat' dir='ltr'>dem</span> <span class='ocrx_word' id='word_1_240' title='bbox 689 2416 778 2485; x_wconf 73' lang='lat' dir='ltr'>Bezug</span> <span class='ocrx_word' id='word_1_241' title='bbox 790 2418 835 2470; x_wconf 84' lang='lat' dir='ltr'>aul</span> <span class='ocrx_word' id='word_1_242' title='bbox 846 2417 861 2480; x_wconf 66' lang='grc' dir='ltr'><strong>ξ</strong></span> <span class='ocrx_word' id='word_1_243' title='bbox 873 2421 918 2472; x_wconf 80' lang='lat'>55:</span> <span class='ocrx_word' id='word_1_244' title='bbox 931 2423 978 2485; x_wconf 84' lang='lat' dir='ltr'>qui</span> <span class='ocrx_word' id='word_1_245' title='bbox 990 2424 1198 2485; x_wconf 72' lang='lat' dir='ltr'>cognovero&#39;tne·</span> 
     </span>
     <span class='ocr_line' id='line_1_27' title="bbox 125 2483 1201 2554; baseline 0.005 -21"><span class='ocrx_word' id='word_1_246' title='bbox 125 2483 358 2549; x_wconf 77' lang='lat' dir='ltr'>Vorhergebenden</span> <span class='ocrx_word' id='word_1_247' title='bbox 380 2487 459 2537; x_wconf 79' lang='lat' dir='ltr'>leicltt</span> <span class='ocrx_word' id='word_1_248' title='bbox 485 2488 640 2552; x_wconf 76' lang='lat' dir='ltr'>quaerimus</span> <span class='ocrx_word' id='word_1_249' title='bbox 690 2502 760 2536; x_wconf 77' lang='lat' dir='ltr'>cesse</span> <span class='ocrx_word' id='word_1_250' title='bbox 778 2503 831 2536; x_wconf 77' lang='lat' dir='ltr'>esse</span> <span class='ocrx_word' id='word_1_251' title='bbox 845 2489 949 2537; x_wconf 82' lang='lat' dir='ltr'>bomini</span> <span class='ocrx_word' id='word_1_252' title='bbox 965 2489 1017 2538; x_wconf 83' lang='lat' dir='ltr'>lule</span> <span class='ocrx_word' id='word_1_253' title='bbox 1034 2489 1141 2554; x_wconf 79' lang='lat' dir='ltr'>aliquid</span> <span class='ocrx_word' id='word_1_254' title='bbox 1156 2504 1201 2540; x_wconf 84' lang='lat' dir='ltr'>ar·</span> 
     </span>
     <span class='ocr_line' id='line_1_28' title="bbox 125 2552 1201 2620; baseline 0.005 -17"><span class='ocrx_word' id='word_1_255' title='bbox 125 2554 231 2618; x_wconf 73' lang='lat' dir='ltr'>erginzt</span> <span class='ocrx_word' id='word_1_256' title='bbox 255 2552 358 2604; x_wconf 83' lang='lat' dir='ltr'>werden</span> <span class='ocrx_word' id='word_1_257' title='bbox 381 2553 462 2613; x_wconf 73' lang='lat' dir='ltr'>lurum</span> <span class='ocrx_word' id='word_1_258' title='bbox 485 2555 546 2605; x_wconf 83' lang='lat' dir='ltr'>aber</span> <span class='ocrx_word' id='word_1_259' title='bbox 573 2555 637 2606; x_wconf 86' lang='lat' dir='ltr'>auch</span> <span class='ocrx_word' id='word_1_260' title='bbox 690 2555 785 2605; x_wconf 77' lang='lat' dir='ltr'>cidere.</span> <span class='ocrx_word' id='word_1_261' title='bbox 817 2553 873 2620; x_wconf 77' lang='lat' dir='ltr'>Vgl.</span> <span class='ocrx_word' id='word_1_262' title='bbox 893 2555 1035 2607; x_wconf 85' lang='lat' dir='ltr'>aulserdem</span> <span class='ocrx_word' id='word_1_263' title='bbox 1052 2571 1085 2608; x_wconf 84' lang='lat' dir='ltr'>zu</span> <span class='ocrx_word' id='word_1_264' title='bbox 1105 2559 1145 2620; x_wconf 88' lang='grc'>16,</span> <span class='ocrx_word' id='word_1_265' title='bbox 1158 2560 1201 2608; x_wconf 84' lang='grc'>34.</span> 
     </span>
     <span class='ocr_line' id='line_1_29' title="bbox 126 2620 1200 2688; baseline 0.004 -17"><span class='ocrx_word' id='word_1_266' title='bbox 126 2621 192 2673; x_wconf 79' lang='lat' dir='ltr'>olane</span> <span class='ocrx_word' id='word_1_267' title='bbox 203 2620 368 2686; x_wconf 78' lang='lat' dir='ltr'>Verbiudung</span> <span class='ocrx_word' id='word_1_268' title='bbox 380 2623 426 2672; x_wconf 92' lang='lat' dir='ltr'>mit</span> <span class='ocrx_word' id='word_1_269' title='bbox 438 2622 520 2674; x_wconf 80' lang='lat' dir='ltr'>ciuem</span> <span class='ocrx_word' id='word_1_270' title='bbox 533 2622 638 2673; x_wconf 85' lang='lat' dir='ltr'>soloben</span> <span class='ocrx_word' id='word_1_271' title='bbox 692 2651 723 2659; x_wconf 95' lang='lat'><em>—</em></span> <span class='ocrx_word' id='word_1_272' title='bbox 736 2622 821 2673; x_wconf 88' lang='lat' dir='ltr'>Ilurcb</span> <span class='ocrx_word' id='word_1_273' title='bbox 839 2639 894 2672; x_wconf 84' lang='lat' dir='ltr'>non</span> <span class='ocrx_word' id='word_1_274' title='bbox 912 2624 997 2673; x_wconf 75' lang='lat' dir='ltr'>solum</span> <span class='ocrx_word' id='word_1_275' title='bbox 1009 2652 1042 2661; x_wconf 93' lang='lat'>-</span> <span class='ocrx_word' id='word_1_276' title='bbox 1059 2625 1107 2674; x_wconf 81' lang='lat' dir='ltr'>sed</span> <span class='ocrx_word' id='word_1_277' title='bbox 1122 2624 1200 2688; x_wconf 83' lang='lat' dir='ltr'>(ohne</span> 
     </span>
     <span class='ocr_line' id='line_1_30' title="bbox 125 2687 1201 2757; baseline 0.005 -21"><span class='ocrx_word' id='word_1_278' title='bbox 125 2687 237 2740; x_wconf 80' lang='lat' dir='ltr'>Verbum</span> <span class='ocrx_word' id='word_1_279' title='bbox 260 2690 369 2740; x_wconf 78' lang='lat' dir='ltr'>diemdi</span> <span class='ocrx_word' id='word_1_280' title='bbox 391 2690 432 2742; x_wconf 88' lang='lat' dir='ltr'>od.</span> <span class='ocrx_word' id='word_1_281' title='bbox 449 2690 583 2741; x_wconf 78' lang='lat' dir='ltr'>sentiendi</span> <span class='ocrx_word' id='word_1_282' title='bbox 605 2691 640 2742; x_wconf 90' lang='lat' dir='ltr'>ist</span> <span class='ocrx_word' id='word_1_283' title='bbox 690 2693 780 2753; x_wconf 84' lang='lat' dir='ltr'>ettam)</span> <span class='ocrx_word' id='word_1_284' title='bbox 790 2689 851 2741; x_wconf 88' lang='lat' dir='ltr'>wird</span> <span class='ocrx_word' id='word_1_285' title='bbox 865 2689 910 2742; x_wconf 81' lang='lat' dir='ltr'>das</span> <span class='ocrx_word' id='word_1_286' title='bbox 923 2689 1023 2742; x_wconf 81' lang='lat' dir='ltr'>Erslere</span> <span class='ocrx_word' id='word_1_287' title='bbox 1035 2690 1074 2742; x_wconf 86' lang='lat' dir='ltr'>als</span> <span class='ocrx_word' id='word_1_288' title='bbox 1087 2692 1201 2757; x_wconf 72' lang='lat' dir='ltr'>weniqer</span> 
     </span>
     <span class='ocr_line' id='line_1_31' title="bbox 124 2755 1199 2824; baseline 0.005 -18"><span class='ocrx_word' id='word_1_289' title='bbox 124 2756 260 2808; x_wconf 85' lang='lat' dir='ltr'>bisweileu</span> <span class='ocrx_word' id='word_1_290' title='bbox 278 2759 311 2807; x_wconf 81' lang='lat' dir='ltr'>de</span> <span class='ocrx_word' id='word_1_291' title='bbox 327 2758 353 2807; x_wconf 92' lang='lat' dir='ltr'>in</span> <span class='ocrx_word' id='word_1_292' title='bbox 363 2757 566 2823; x_wconf 76' lang='lat' dir='ltr'>derBedeutung</span> <span class='ocrx_word' id='word_1_293' title='bbox 575 2755 642 2811; x_wconf 85' lang='lat' dir='ltr'>‘hin-</span> <span class='ocrx_word' id='word_1_294' title='bbox 693 2757 799 2822; x_wconf 82' lang='lat' dir='ltr'>wiobtig</span> <span class='ocrx_word' id='word_1_295' title='bbox 809 2757 917 2809; x_wconf 85' lang='lat' dir='ltr'>beiseite</span> <span class='ocrx_word' id='word_1_296' title='bbox 927 2759 1085 2823; x_wconf 77' lang='lat' dir='ltr'>gesobobeu;</span> <span class='ocrx_word' id='word_1_297' title='bbox 1096 2759 1147 2824; x_wconf 79' lang='lat' dir='ltr'>rgl.</span> <span class='ocrx_word' id='word_1_298' title='bbox 1158 2761 1199 2822; x_wconf 88' lang='grc'>22,</span> 
     </span>
     <span class='ocr_line' id='line_1_32' title="bbox 126 2818 1029 2892; baseline 0.002 -18"><span class='ocrx_word' id='word_1_299' title='bbox 126 2824 257 2888; x_wconf 86' lang='lat' dir='ltr'>siobtllob,</span> <span class='ocrx_word' id='word_1_300' title='bbox 282 2825 309 2876; x_wconf 91' lang='lat' dir='ltr'>iu</span> <span class='ocrx_word' id='word_1_301' title='bbox 327 2824 414 2891; x_wconf 83' lang='lat' dir='ltr'>Bezng</span> <span class='ocrx_word' id='word_1_302' title='bbox 432 2818 483 2876; x_wconf 83' lang='lat' dir='ltr'>aul’</span> <span class='ocrx_word' id='word_1_303' title='bbox 501 2827 641 2892; x_wconf 78' lang='lat' dir='ltr'>gebraucbt</span> <span class='ocrx_word' id='word_1_304' title='bbox 694 2828 738 2880; x_wconf 79' lang='lat'>53:</span> <span class='ocrx_word' id='word_1_305' title='bbox 757 2841 812 2876; x_wconf 80' lang='lat' dir='ltr'>nou</span> <span class='ocrx_word' id='word_1_306' title='bbox 830 2825 907 2876; x_wconf 73' lang='lat' dir='ltr'>niodo</span> <span class='ocrx_word' id='word_1_307' title='bbox 927 2863 933 2876; x_wconf 92' lang='lat'><strong>.</strong></span> <span class='ocrx_word' id='word_1_308' title='bbox 952 2864 958 2876; x_wconf 90' lang='lat'>.</span> <span class='ocrx_word' id='word_1_309' title='bbox 976 2827 1029 2877; x_wconf 77' lang='lat' dir='ltr'>aad.</span> 
     </span>
     <span class='ocr_line' id='line_1_33' title="bbox 126 2892 1198 2960; baseline 0.003 -19"><span class='ocrx_word' id='word_1_310' title='bbox 126 2892 244 2957; x_wconf 87' lang='lat' dir='ltr'>worden,</span> <span class='ocrx_word' id='word_1_311' title='bbox 268 2893 317 2943; x_wconf 87' lang='lat' dir='ltr'>wie</span> <span class='ocrx_word' id='word_1_312' title='bbox 340 2893 372 2944; x_wconf 91' lang='lat' dir='ltr'>de</span> <span class='ocrx_word' id='word_1_313' title='bbox 396 2909 434 2949; x_wconf 85' lang='lat' dir='ltr'>or.</span> <span class='ocrx_word' id='word_1_314' title='bbox 455 2893 494 2960; x_wconf 93' lang='lat' dir='ltr'>lll,</span> <span class='ocrx_word' id='word_1_315' title='bbox 516 2896 556 2954; x_wconf 81' lang='lat' dir='ltr'>lto,</span> <span class='ocrx_word' id='word_1_316' title='bbox 579 2897 640 2947; x_wconf 76' lang='lat'>224:</span> <span class='ocrx_word' id='word_1_317' title='bbox 728 2898 767 2946; x_wconf 87' lang='lat'>15.</span> <span class='ocrx_word' id='word_1_318' title='bbox 785 2893 825 2943; x_wconf 85' lang='lat' dir='ltr'>De</span> <span class='ocrx_word' id='word_1_319' title='bbox 849 2898 1010 2958; x_wconf 77' lang='lat' dir='ltr'>paupertate</span> <span class='ocrx_word' id='word_1_320' title='bbox 1036 2897 1138 2958; x_wconf 79' lang='lat' dir='ltr'>agitur.</span> <span class='ocrx_word' id='word_1_321' title='bbox 1165 2919 1198 2938; x_wconf 85' lang='lat'>--</span> 
     </span>
     <span class='ocr_line' id='line_1_34' title="bbox 125 2960 1170 3028; baseline 0.004 -18"><span class='ocrx_word' id='word_1_322' title='bbox 125 2960 165 3010; x_wconf 86' lang='lat' dir='ltr'>De</span> <span class='ocrx_word' id='word_1_323' title='bbox 190 2977 242 3026; x_wconf 81' lang='lat' dir='ltr'>quo</span> <span class='ocrx_word' id='word_1_324' title='bbox 267 2961 336 3012; x_wconf 82' lang='lat' dir='ltr'>illud</span> <span class='ocrx_word' id='word_1_325' title='bbox 355 2965 411 3012; x_wconf 84' lang='lat' dir='ltr'>iarn</span> <span class='ocrx_word' id='word_1_326' title='bbox 437 2964 508 3013; x_wconf 66' lang='lat' dir='ltr'>nillil</span> <span class='ocrx_word' id='word_1_327' title='bbox 533 2963 569 3013; x_wconf 86' lang='lat' dir='ltr'>ad</span> <span class='ocrx_word' id='word_1_328' title='bbox 592 2964 641 3013; x_wconf 76' lang='lat' dir='ltr'>ltoo</span> <span class='ocrx_word' id='word_1_329' title='bbox 692 2978 752 3012; x_wconf 73' lang='lat' dir='ltr'>mem</span> <span class='ocrx_word' id='word_1_330' title='bbox 769 2991 803 3002; x_wconf 86' lang='lat'>—</span> <span class='ocrx_word' id='word_1_331' title='bbox 820 2963 926 3026; x_wconf 64' lang='lat' dir='ltr'>agilum</span> <span class='ocrx_word' id='word_1_332' title='bbox 945 2977 965 3012; x_wconf 88' lang='lat' dir='ltr'>s.</span> <span class='ocrx_word' id='word_1_333' title='bbox 984 2978 1006 3012; x_wconf 82' lang='lat' dir='ltr'>z.</span> <span class='ocrx_word' id='word_1_334' title='bbox 1023 2961 1051 3013; x_wconf 91' lang='lat' dir='ltr'>ll.</span> <span class='ocrx_word' id='word_1_335' title='bbox 1070 2965 1111 3028; x_wconf 81' lang='grc'>24,</span> <span class='ocrx_word' id='word_1_336' title='bbox 1129 2964 1170 3016; x_wconf 80' lang='grc'>58.</span> 
     </span>
     <span class='ocr_line' id='line_1_35' title="bbox 121 3029 1198 3095; baseline 0.006 -19"><span class='ocrx_word' id='word_1_337' title='bbox 121 3029 310 3094; x_wconf 71' lang='lat' dir='ltr'>praecipiendi</span> <span class='ocrx_word' id='word_1_338' title='bbox 326 3047 425 3094; x_wconf 62' lang='lat' dir='ltr'>genum</span> <span class='ocrx_word' id='word_1_339' title='bbox 444 3031 476 3082; x_wconf 87' lang='lat' dir='ltr'>de</span> <span class='ocrx_word' id='word_1_340' title='bbox 495 3030 537 3081; x_wconf 80' lang='lat' dir='ltr'>oli.</span> <span class='ocrx_word' id='word_1_341' title='bbox 561 3030 579 3081; x_wconf 92' lang='lat' dir='ltr'>l.</span> <span class='ocrx_word' id='word_1_342' title='bbox 600 3035 640 3092; x_wconf 81' lang='lat'>15,</span> <span class='ocrx_word' id='word_1_343' title='bbox 722 3032 1004 3095; x_wconf 76' lang='lat' dir='ltr'>patientospauperes.</span> <span class='ocrx_word' id='word_1_344' title='bbox 1025 3029 1061 3080; x_wconf 78' lang='lat' dir='ltr'>lla</span> <span class='ocrx_word' id='word_1_345' title='bbox 1076 3031 1130 3082; x_wconf 92' lang='lat' dir='ltr'>bier</span> <span class='ocrx_word' id='word_1_346' title='bbox 1142 3031 1198 3082; x_wconf 87' lang='lat' dir='ltr'>eiue</span> 
     </span>
     <span class='ocr_line' id='line_1_36' title="bbox 126 3096 1199 3165; baseline 0.004 -18"><span class='ocrx_word' id='word_1_347' title='bbox 126 3101 171 3149; x_wconf 74' lang='lat' dir='ltr'>lt:</span> <span class='ocrx_word' id='word_1_348' title='bbox 188 3098 229 3147; x_wconf 85' lang='lat' dir='ltr'>De</span> <span class='ocrx_word' id='word_1_349' title='bbox 242 3098 418 3149; x_wconf 75' lang='lat' dir='ltr'>benivolentia</span> <span class='ocrx_word' id='word_1_350' title='bbox 435 3103 524 3150; x_wconf 75' lang='lat' dir='ltr'>autern</span> <span class='ocrx_word' id='word_1_351' title='bbox 543 3136 550 3151; x_wconf 89' lang='lat'><strong>.</strong></span> <span class='ocrx_word' id='word_1_352' title='bbox 563 3135 570 3151; x_wconf 90' lang='lat'><strong>.</strong></span> <span class='ocrx_word' id='word_1_353' title='bbox 583 3103 641 3165; x_wconf 76' lang='lat' dir='ltr'>pri·</span> <span class='ocrx_word' id='word_1_354' title='bbox 692 3113 773 3162; x_wconf 77' lang='lat' dir='ltr'>ganzo</span> <span class='ocrx_word' id='word_1_355' title='bbox 785 3097 896 3149; x_wconf 86' lang='lat' dir='ltr'>lllnsse</span> <span class='ocrx_word' id='word_1_356' title='bbox 908 3113 959 3150; x_wconf 87' lang='lat' dir='ltr'>von</span> <span class='ocrx_word' id='word_1_357' title='bbox 971 3096 1109 3151; x_wconf 84' lang='lat' dir='ltr'>blensehen</span> <span class='ocrx_word' id='word_1_358' title='bbox 1122 3115 1199 3165; x_wconf 77' lang='lat' dir='ltr'>ange·</span> 
     </span>
     <span class='ocr_line' id='line_1_37' title="bbox 126 3165 1199 3230; baseline 0.003 -14"><span class='ocrx_word' id='word_1_359' title='bbox 126 3183 198 3216; x_wconf 76' lang='lat' dir='ltr'>rreum</span> <span class='ocrx_word' id='word_1_360' title='bbox 210 3166 281 3216; x_wconf 82' lang='lat' dir='ltr'>illud</span> <span class='ocrx_word' id='word_1_361' title='bbox 293 3171 332 3215; x_wconf 79' lang='lat' dir='ltr'>est</span> <span class='ocrx_word' id='word_1_362' title='bbox 343 3169 373 3216; x_wconf 82' lang='lat' dir='ltr'>in</span> <span class='ocrx_word' id='word_1_363' title='bbox 389 3165 490 3229; x_wconf 74' lang='lat' dir='ltr'>efficto.</span> <span class='ocrx_word' id='word_1_364' title='bbox 691 3165 761 3216; x_wconf 84' lang='lat' dir='ltr'>tunrt</span> <span class='ocrx_word' id='word_1_365' title='bbox 779 3165 855 3230; x_wconf 77' lang='lat' dir='ltr'>trud,</span> <span class='ocrx_word' id='word_1_366' title='bbox 875 3181 905 3217; x_wconf 87' lang='lat' dir='ltr'>so</span> <span class='ocrx_word' id='word_1_367' title='bbox 924 3181 977 3217; x_wconf 84' lang='lat' dir='ltr'>war</span> <span class='ocrx_word' id='word_1_368' title='bbox 994 3167 1036 3218; x_wconf 89' lang='lat' dir='ltr'>die</span> <span class='ocrx_word' id='word_1_369' title='bbox 1054 3166 1199 3220; x_wconf 84' lang='lat' dir='ltr'>Substanti-</span> 
     </span>
    </p>

    <p class='ocr_par' dir='ltr' id='par_1_10' title="bbox 126 3233 1199 3694">
     <span class='ocr_line' id='line_1_38' title="bbox 160 3233 1199 3300; baseline 0 -14"><span class='ocrx_word' id='word_1_370' title='bbox 160 3238 184 3286; x_wconf 83' lang='grc' dir='ltr'>ῖ.</span> <span class='ocrx_word' id='word_1_371' title='bbox 214 3233 396 3286; x_wconf 76' lang='lat' dir='ltr'>Caecilianum</span> <span class='ocrx_word' id='word_1_372' title='bbox 422 3234 500 3286; x_wconf 80' lang='lat' dir='ltr'>illud.</span> <span class='ocrx_word' id='word_1_373' title='bbox 542 3233 639 3286; x_wconf 86' lang='lat' dir='ltr'>Statius</span> <span class='ocrx_word' id='word_1_374' title='bbox 690 3235 798 3300; x_wconf 74' lang='lat' dir='ltr'>rierung</span> <span class='ocrx_word' id='word_1_375' title='bbox 811 3250 863 3286; x_wconf 87' lang='lat' dir='ltr'>von</span> <span class='ocrx_word' id='word_1_376' title='bbox 871 3250 1005 3300; x_wconf 80' lang='lat' dir='ltr'>pauperes</span> <span class='ocrx_word' id='word_1_377' title='bbox 1022 3235 1074 3286; x_wconf 90' lang='lat' dir='ltr'>und</span> <span class='ocrx_word' id='word_1_378' title='bbox 1086 3236 1127 3287; x_wconf 89' lang='lat' dir='ltr'>die</span> <span class='ocrx_word' id='word_1_379' title='bbox 1139 3235 1199 3286; x_wconf 88' lang='lat' dir='ltr'>llin-</span> 
     </span>
     <span class='ocr_line' id='line_1_39' title="bbox 127 3301 1198 3368; baseline 0.003 -15"><span class='ocrx_word' id='word_1_380' title='bbox 127 3302 237 3354; x_wconf 81' lang='lat' dir='ltr'>Ciloilius</span> <span class='ocrx_word' id='word_1_381' title='bbox 247 3301 362 3368; x_wconf 88' lang='lat' dir='ltr'>Insuber,</span> <span class='ocrx_word' id='word_1_382' title='bbox 382 3303 447 3353; x_wconf 84' lang='lat' dir='ltr'>nach</span> <span class='ocrx_word' id='word_1_383' title='bbox 460 3302 525 3354; x_wconf 84' lang='lat' dir='ltr'>Gell.</span> <span class='ocrx_word' id='word_1_384' title='bbox 537 3301 592 3354; x_wconf 82' lang='lat' dir='ltr'>llll.</span> <span class='ocrx_word' id='word_1_385' title='bbox 606 3304 639 3356; x_wconf 79' lang='grc'>24</span> <span class='ocrx_word' id='word_1_386' title='bbox 689 3301 822 3368; x_wconf 73' lang='lat' dir='ltr'>zufogung</span> <span class='ocrx_word' id='word_1_387' title='bbox 840 3303 911 3354; x_wconf 85' lang='lat' dir='ltr'>eines</span> <span class='ocrx_word' id='word_1_388' title='bbox 929 3303 1052 3367; x_wconf 78' lang='lat' dir='ltr'>adJelrtiv.</span> <span class='ocrx_word' id='word_1_389' title='bbox 1069 3303 1198 3356; x_wconf 84' lang='lat' dir='ltr'>Attributs</span> 
     </span>
     <span class='ocr_line' id='line_1_40' title="bbox 126 3369 1196 3437; baseline 0.001 -16"><span class='ocrx_word' id='word_1_390' title='bbox 126 3370 171 3422; x_wconf 88' lang='lat' dir='ltr'>der</span> <span class='ocrx_word' id='word_1_391' title='bbox 191 3370 265 3421; x_wconf 87' lang='lat' dir='ltr'>beste</span> <span class='ocrx_word' id='word_1_392' title='bbox 282 3370 410 3422; x_wconf 83' lang='lat' dir='ltr'>rclmiscbe</span> <span class='ocrx_word' id='word_1_393' title='bbox 428 3369 562 3433; x_wconf 83' lang='lat' dir='ltr'>Komilrer,</span> <span class='ocrx_word' id='word_1_394' title='bbox 580 3371 638 3422; x_wconf 74' lang='lat' dir='ltr'>ltin</span> <span class='ocrx_word' id='word_1_395' title='bbox 689 3385 721 3420; x_wconf 87' lang='lat' dir='ltr'>zu</span> <span class='ocrx_word' id='word_1_396' title='bbox 739 3369 887 3422; x_wconf 87' lang='lat' dir='ltr'>demselben</span> <span class='ocrx_word' id='word_1_397' title='bbox 900 3372 1021 3437; x_wconf 77' lang='lat' dir='ltr'>mogliob,</span> <span class='ocrx_word' id='word_1_398' title='bbox 1040 3371 1134 3421; x_wconf 86' lang='lat' dir='ltr'>wlede</span> <span class='ocrx_word' id='word_1_399' title='bbox 1153 3370 1196 3422; x_wconf 84' lang='lat' dir='ltr'>oll.</span> 
     </span>
     <span class='ocr_line' id='line_1_41' title="bbox 127 3437 1197 3504; baseline 0 -16"><span class='ocrx_word' id='word_1_400' title='bbox 127 3441 171 3489; x_wconf 91' lang='lat' dir='ltr'>der</span> <span class='ocrx_word' id='word_1_401' title='bbox 180 3437 237 3489; x_wconf 84' lang='lat' dir='ltr'>Zeit</span> <span class='ocrx_word' id='word_1_402' title='bbox 248 3437 314 3489; x_wconf 87' lang='lat' dir='ltr'>uach</span> <span class='ocrx_word' id='word_1_403' title='bbox 328 3438 456 3490; x_wconf 86' lang='lat' dir='ltr'>zwisohen</span> <span class='ocrx_word' id='word_1_404' title='bbox 468 3437 573 3490; x_wconf 86' lang='lat' dir='ltr'>Plautus</span> <span class='ocrx_word' id='word_1_405' title='bbox 586 3439 636 3490; x_wconf 90' lang='lat' dir='ltr'>und</span> <span class='ocrx_word' id='word_1_406' title='bbox 688 3437 715 3489; x_wconf 93' lang='lat' dir='ltr'>ll.</span> <span class='ocrx_word' id='word_1_407' title='bbox 729 3440 770 3504; x_wconf 87' lang='grc'>20,</span> <span class='ocrx_word' id='word_1_408' title='bbox 784 3443 831 3492; x_wconf 78' lang='grc' dir='ltr'>2οι</span> <span class='ocrx_word' id='word_1_409' title='bbox 849 3455 938 3490; x_wconf 79' lang='lat' dir='ltr'>omnes</span> <span class='ocrx_word' id='word_1_410' title='bbox 955 3455 1009 3489; x_wconf 83' lang='lat' dir='ltr'>non</span> <span class='ocrx_word' id='word_1_411' title='bbox 1022 3441 1138 3504; x_wconf 82' lang='lat' dir='ltr'>improbi</span> <span class='ocrx_word' id='word_1_412' title='bbox 1149 3441 1197 3488; x_wconf 63' lang='lat' dir='ltr'>bro</span> 
     </span>
     <span class='ocr_line' id='line_1_42' title="bbox 126 3505 1197 3573; baseline 0.001 -17"><span class='ocrx_word' id='word_1_413' title='bbox 126 3505 240 3565; x_wconf 62' lang='lat' dir='ltr'>&#39;loreum</span> <span class='ocrx_word' id='word_1_414' title='bbox 265 3521 293 3556; x_wconf 86' lang='lat' dir='ltr'>er</span> <span class='ocrx_word' id='word_1_415' title='bbox 316 3507 386 3557; x_wconf 85' lang='lat' dir='ltr'>sterb</span> <span class='ocrx_word' id='word_1_416' title='bbox 412 3509 469 3561; x_wconf 76' lang='lat'><strong>168.</strong></span> <span class='ocrx_word' id='word_1_417' title='bbox 506 3506 635 3558; x_wconf 85' lang='lat' dir='ltr'>Welcbem</span> <span class='ocrx_word' id='word_1_418' title='bbox 688 3507 762 3556; x_wconf 79' lang='lat' dir='ltr'>nrilea</span> <span class='ocrx_word' id='word_1_419' title='bbox 780 3508 990 3573; x_wconf 78' lang='lat' dir='ltr'>—praeaa&#39;dtum</span> <span class='ocrx_word' id='word_1_420' title='bbox 1003 3509 1055 3557; x_wconf 79' lang='lat' dir='ltr'>eibi</span> <span class='ocrx_word' id='word_1_421' title='bbox 1068 3511 1197 3572; x_wconf 83' lang='lat' dir='ltr'>paratum</span> 
     </span>
     <span class='ocr_line' id='line_1_43' title="bbox 128 3573 1198 3642; baseline -0.002 -16"><span class='ocrx_word' id='word_1_422' title='bbox 128 3573 223 3626; x_wconf 77' lang='lat' dir='ltr'>Stilo-lle</span> <span class='ocrx_word' id='word_1_423' title='bbox 236 3589 288 3626; x_wconf 85' lang='lat' dir='ltr'>von</span> <span class='ocrx_word' id='word_1_424' title='bbox 299 3573 353 3625; x_wconf 89' lang='lat' dir='ltr'>ihm</span> <span class='ocrx_word' id='word_1_425' title='bbox 365 3574 411 3626; x_wconf 89' lang='lat' dir='ltr'>das</span> <span class='ocrx_word' id='word_1_426' title='bbox 424 3576 490 3628; x_wconf 88' lang='lat' dir='ltr'>Citat</span> <span class='ocrx_word' id='word_1_427' title='bbox 502 3574 636 3642; x_wconf 74' lang='lat' dir='ltr'>adgebrin,</span> <span class='ocrx_word' id='word_1_428' title='bbox 686 3575 787 3637; x_wconf 53' lang='lat' dir='ltr'>viden&amp;</span> <span class='ocrx_word' id='word_1_429' title='bbox 808 3581 888 3627; x_wconf 91' lang='lat' dir='ltr'>unten</span> <span class='ocrx_word' id='word_1_430' title='bbox 906 3574 948 3627; x_wconf 90' lang='lat' dir='ltr'>lV.</span> <span class='ocrx_word' id='word_1_431' title='bbox 968 3577 1009 3640; x_wconf 85' lang='lat'>35,</span> <span class='ocrx_word' id='word_1_432' title='bbox 1029 3578 1072 3626; x_wconf 76' lang='lat'>74:</span> <span class='ocrx_word' id='word_1_433' title='bbox 1091 3577 1198 3639; x_wconf 81' lang='lat' dir='ltr'>aegroti</span> 
     </span>
     <span class='ocr_line' id='line_1_44' title="bbox 127 3641 977 3694; baseline 0.002 -2"><span class='ocrx_word' id='word_1_434' title='bbox 127 3643 161 3693; x_wconf 79' lang='lat' dir='ltr'>ist</span> <span class='ocrx_word' id='word_1_435' title='bbox 179 3641 336 3693; x_wconf 85' lang='lat' dir='ltr'>unbekannt.</span> <span class='ocrx_word' id='word_1_436' title='bbox 687 3659 742 3693; x_wconf 83' lang='lat' dir='ltr'>non</span> <span class='ocrx_word' id='word_1_437' title='bbox 760 3645 977 3694; x_wconf 78' lang='lat' dir='ltr'>ooaeoolesoentas.</span> 
     </span>
    </p>

    <p class='ocr_par' dir='ltr' id='par_1_11' title="bbox 128 3708 1196 3912">
     <span class='ocr_line' id='line_1_45' title="bbox 161 3708 1196 3776; baseline 0 -14"><span class='ocrx_word' id='word_1_438' title='bbox 161 3713 185 3762; x_wconf 83' lang='lat'>9.</span> <span class='ocrx_word' id='word_1_439' title='bbox 203 3727 258 3760; x_wconf 80' lang='lat' dir='ltr'>una</span> <span class='ocrx_word' id='word_1_440' title='bbox 276 3711 431 3776; x_wconf 73' lang='lat' dir='ltr'>audentque:</span> <span class='ocrx_word' id='word_1_441' title='bbox 450 3727 497 3761; x_wconf 90' lang='lat' dir='ltr'>nur</span> <span class='ocrx_word' id='word_1_442' title='bbox 515 3710 572 3762; x_wconf 86' lang='lat' dir='ltr'>eine</span> <span class='ocrx_word' id='word_1_443' title='bbox 584 3709 636 3762; x_wconf 92' lang='lat' dir='ltr'>und</span> <span class='ocrx_word' id='word_1_444' title='bbox 722 3716 969 3763; x_wconf 74' lang='lat' dir='ltr'>commorantur.</span> <span class='ocrx_word' id='word_1_445' title='bbox 1006 3708 1066 3760; x_wconf 84' lang='lat' dir='ltr'>blan</span> <span class='ocrx_word' id='word_1_446' title='bbox 1088 3709 1196 3762; x_wconf 83' lang='lat' dir='ltr'>beacble</span> 
     </span>
     <span class='ocr_line' id='line_1_46' title="bbox 128 3770 1196 3844; baseline 0.004 -16"><span class='ocrx_word' id='word_1_447' title='bbox 128 3778 217 3829; x_wconf 88' lang='lat' dir='ltr'>immer</span> <span class='ocrx_word' id='word_1_448' title='bbox 229 3778 356 3837; x_wconf 89' lang='lat' dir='ltr'>dieselbe;</span> <span class='ocrx_word' id='word_1_449' title='bbox 375 3770 505 3830; x_wconf 82' lang='lat' dir='ltr'>denn‘eiu</span> <span class='ocrx_word' id='word_1_450' title='bbox 517 3777 568 3829; x_wconf 92' lang='lat' dir='ltr'>und</span> <span class='ocrx_word' id='word_1_451' title='bbox 581 3778 636 3829; x_wconf 86' lang='lat' dir='ltr'>der·</span> <span class='ocrx_word' id='word_1_452' title='bbox 686 3777 728 3830; x_wconf 90' lang='lat' dir='ltr'>die</span> <span class='ocrx_word' id='word_1_453' title='bbox 746 3777 979 3844; x_wconf 75' lang='lat' dir='ltr'>Manniglaltiglreit</span> <span class='ocrx_word' id='word_1_454' title='bbox 996 3777 1030 3828; x_wconf 91' lang='lat' dir='ltr'>im</span> <span class='ocrx_word' id='word_1_455' title='bbox 1048 3778 1196 3832; x_wconf 81' lang='lat' dir='ltr'>Ausdruck:</span> 
     </span>
     <span class='ocr_line' id='line_1_47' title="bbox 128 3838 1196 3912; baseline 0.001 -14"><span class='ocrx_word' id='word_1_456' title='bbox 128 3838 207 3898; x_wconf 87' lang='lat' dir='ltr'>selbe&#39;</span> <span class='ocrx_word' id='word_1_457' title='bbox 225 3846 304 3898; x_wconf 88' lang='lat' dir='ltr'>beilst</span> <span class='ocrx_word' id='word_1_458' title='bbox 321 3847 365 3897; x_wconf 86' lang='lat' dir='ltr'>lat.</span> <span class='ocrx_word' id='word_1_459' title='bbox 384 3863 431 3898; x_wconf 89' lang='lat' dir='ltr'>nur</span> <span class='ocrx_word' id='word_1_460' title='bbox 447 3846 527 3896; x_wconf 79' lang='lat' dir='ltr'>idem.</span> <span class='ocrx_word' id='word_1_461' title='bbox 687 3846 798 3898; x_wconf 85' lang='lat' dir='ltr'>uacbber</span> <span class='ocrx_word' id='word_1_462' title='bbox 812 3845 995 3912; x_wconf 72' lang='lat' dir='ltr'>prosmmntur</span> <span class='ocrx_word' id='word_1_463' title='bbox 1006 3873 1041 3884; x_wconf 90' lang='lat'><em>-</em></span> <span class='ocrx_word' id='word_1_464' title='bbox 1058 3846 1196 3912; x_wconf 83' lang='lat' dir='ltr'>laudatur,</span> 
     </span>
    </p>

    <p class='ocr_par' dir='ltr' id='par_1_12' title="bbox 162 3913 1115 3979">
     <span class='ocr_line' id='line_1_48' title="bbox 162 3913 1115 3979; baseline -0.003 -10"><span class='ocrx_word' id='word_1_465' title='bbox 162 3918 202 3969; x_wconf 89' lang='lat' dir='ltr'>lll.</span> <span class='ocrx_word' id='word_1_466' title='bbox 223 3913 249 3966; x_wconf 81' lang='lat'>0.</span> <span class='ocrx_word' id='word_1_467' title='bbox 264 3914 410 3966; x_wconf 73' lang='lat' dir='ltr'>Fabricius</span> <span class='ocrx_word' id='word_1_468' title='bbox 426 3914 559 3966; x_wconf 70' lang='lat' dir='ltr'>Luscinus</span> <span class='ocrx_word' id='word_1_469' title='bbox 571 3915 635 3965; x_wconf 86' lang='lat' dir='ltr'>wies</span> <span class='ocrx_word' id='word_1_470' title='bbox 686 3930 735 3965; x_wconf 70' lang='lat' dir='ltr'>roeo</span> <span class='ocrx_word' id='word_1_471' title='bbox 751 3915 847 3965; x_wconf 76' lang='lat' dir='ltr'>siletur</span> <span class='ocrx_word' id='word_1_472' title='bbox 864 3942 898 3953; x_wconf 93' lang='lat'><em>-</em></span> <span class='ocrx_word' id='word_1_473' title='bbox 912 3914 1115 3979; x_wconf 83' lang='lat' dir='ltr'>praedicantur.</span> 
     </span>
    </p>
   </div>
   <div class='ocr_carea' id='block_1_4' title="bbox 0 0 1410 4474">
    <p class='ocr_par' dir='ltr' id='par_1_13' title="bbox 0 0 1410 4474">
     <span class='ocr_line' id='line_1_49' title="bbox 0 0 1410 4474; baseline 0 0"><span class='ocrx_word' id='word_1_474' title='bbox 0 0 1410 4474; x_wconf 95' lang='lat' dir='ltr'> </span> 
     </span>
    </p>
   </div>
  </div>
 </body>
</html>
