2800 4476
498 239 592 293 naun
610 240 642 294 u.
659 245 700 307 ao,
712 245 768 295 ιιι.
781 245 838 296 118.
1143 239 1203 299 163

133 435 199 490 sus,
226 417 274 478 sed
291 417 368 477 aliud
385 417 544 490 molestius,
565 415 646 496 quod
667 415 742 476 malo
757 414 902 491 audiebat,
924 414 1067 489 etiamsi,
1085 423 1118 476 ut
1132 417 1203 478 mihi

123 501 294 576 ¹videbatur,
306 502 421 563 iniuria.
448 501 547 563 Nostri
562 501 673 562 Graece
685 502 746 561 lero
758 501 896 562 nesciunt
907 519 963 562 nec
975 499 1079 561 Graeci
1092 501 1205 564 Latine.

134 587 214 666 Ergo
229 587 260 646 bi
271 588 300 648 in
311 587 429 648 illorum
444 595 474 648 et
485 587 526 648 illi
542 587 571 648 in
584 587 840 648 borumsermone
852 586 944 660 surdi,
961 605 1124 665 omnesque
1136 587 1206 649 item

136 691 191 734 nos
205 673 236 733 in
252 673 287 734 iis
307 672 431 752 linguis,
454 690 527 752 quas
542 691 604 732 noo
620 671 833 752 intellegimus,
857 690 933 751 quae
949 680 1019 733 sunt
1032 671 1207 734 innumera-

8 807 9 812 1
98 758 217 832 ubiles,
234 758 315 819 surdi
330 760 465 837 prolecto
480 777 590 820 sumus.
625 749 676 818 ‘At
689 775 791 819 vocem
806 758 968 820 citharoedi
985 777 1046 818 noo
1063 758 1207 819 audiunt.‘

133 844 175 905 Ne
191 843 346 904 stridorem
370 843 487 922 quidem
506 861 620 917 serrae,
641 850 702 903 tum
725 862 792 904 cum
816 844 944 917 acuitur,
966 852 1017 904 aut
1031 843 1205 924 grunnitum

133 947 199 990 cum
215 929 380 1008 iugulatur,
398 930 459 991 suis
475 948 546 1002 nec,
568 946 635 990 cum
651 929 802 1007 quiescere
821 929 939 1003 volunt,
961 930 1110 990 tremitum
1125 948 1208 992 mur-

133 1015 277 1076 murantis
291 1015 390 1076 maris.
427 1015 465 1074 Et
479 1015 504 1074 si
520 1023 624 1075 cantus
639 1033 690 1075 cos
705 1015 782 1074 lorte
798 1013 959 1088 delectant,
980 1015 1110 1095 primum
1125 1016 1206 1096 cogi-

19 1163 23 1180 ,
132 1111 194 1161 tare
209 1099 334 1172 debent,
356 1109 425 1162 ante
439 1116 527 1178 quam
543 1099 572 1159 bi
594 1099 654 1160 sint
669 1099 795 1174 inventi,
817 1099 926 1161 multos
941 1099 1025 1161 beate
1041 1100 1144 1162 vixisse
1159 1120 1205 1163 sa-

82 1198 110 1248 10
131 1186 256 1267 pientis,
278 1186 385 1246 deinde
399 1185 493 1245 multo
509 1185 649 1246 maiorem
670 1185 783 1264 percipi
806 1203 893 1264 posse
908 1184 1040 1264 legendis
1057 1185 1103 1246 bis
1118 1204 1206 1265 quam

133 1271 285 1333 audiendis
299 1270 487 1350 voluptatem.
519 1271 594 1331 Tum
611 1278 643 1331 ut
657 1271 745 1350 paulo
760 1279 831 1332 aute
847 1288 951 1332 caecos
966 1270 1002 1330 ad
1016 1271 1130 1332 aurium
1146 1280 1205 1334 tra-
1221 1281 1264 1334 117

132 1357 310 1419 ducebamus
331 1357 527 1436 voluptatem,
549 1356 592 1418 sic
610 1356 679 1417 licet
702 1357 807 1418 surdos
828 1357 864 1417 ad
886 1355 1050 1416 oculorum.
1087 1355 1205 1418 Etenim

132 1444 182 1523 qui
199 1458 300 1505 secum
315 1441 397 1521 loqui
411 1441 530 1521 poterit,
546 1460 714 1504 sermonem
730 1441 849 1503 alterius
865 1461 926 1501 non
942 1442 1083 1520 requiret.

217 1527 425 1606 Congerantur
436 1527 467 1588 in
483 1547 576 1589 unum
589 1527 696 1602 omnia,
712 1536 745 1589 ut
758 1527 834 1589 idem
851 1527 944 1588 oculis
956 1537 984 1588 et
999 1527 1120 1589 auribus
1136 1547 1204 1608 oap-

81 1626 109 1676 15
130 1623 178 1676 tus
198 1614 250 1688 sit,
270 1620 424 1693 prematur
445 1612 705 1674 etiamdoloribus
720 1613 869 1675 acerrimis
890 1613 1033 1692 corporis.
1070 1613 1128 1684 Qui
1144 1615 1204 1693 pri·

131 1718 212 1760 mum
227 1717 281 1779 per
295 1717 327 1759 se
342 1697 398 1778 ipsi
419 1699 595 1778 plerumque
617 1699 780 1760 conficiunt
800 1697 964 1774 bominem;
985 1699 1031 1759 sin
1046 1700 1123 1759 lorte
1138 1699 1204 1760 lon-

132 1785 295 1865 ginquitate
310 1783 447 1863 producti
461 1784 665 1846 vehementius
680 1792 779 1845 tamen
795 1791 945 1862 torquent,
966 1802 1053 1862 quam
1069 1795 1102 1846 ut
1117 1803 1205 1847 causa

131 1871 169 1932 sit
189 1888 243 1932 cur
265 1871 408 1943 ferantur,
431 1870 502 1948 quid
525 1878 570 1931 est
590 1870 726 1946 tandem,
749 1869 777 1930 di
799 1869 891 1943 boni,
914 1870 994 1948 quod
1016 1869 1205 1933 laboremus?

132 1957 237 2017 Portus
253 1955 331 2016 enim
346 1964 464 2034 praesto
486 1963 545 2030 cst,
568 1953 720 2039 [quoniam
741 1973 822 2016 mors
842 1954 951 2015 ibidem
973 1951 1028 2037 est]
1052 1963 1205 2018 aeternum

79 2053 108 2104 2ο
131 2042 205 2102 nihil
227 2040 373 2102 sentiendi
400 2040 627 2120 receptaculum.
678 2041 852 2102 Theodorus
874 2039 1047 2120 Lysimacho
1077 2050 1203 2103 mortem

131 2127 280 2188 minitanti
289 2120 443 2205 ‘Magnum
454 2117 546 2198 oero’,
562 2126 668 2204 inquit,
680 2119 819 2208 ‘effecisti
835 2130 863 2186 si
873 2125 1048 2188 oeatbom'dis
1058 2131 1118 2189 cim
1133 2147 1202 2189 coo-

130 2223 241 2275 sccutus
255 2201 300 2274 ca'
329 2212 438 2274 Paulus
448 2212 530 2274 Persi
544 2213 716 2293 deprecanti
727 2232 766 2274 ne
778 2213 808 2274 in
820 2193 972 2291 trium'pllo
984 2213 1142 2274 duceretur
1154 2206 1205 2276 ‘ln
1221 2225 1262 2278 118

131 2309 183 2360 tue
193 2301 224 2360 t'd
235 2299 347 2380 quidem
355 2307 492 2379 potestate
506 2289 570 2359 est'.
601 2298 690 2359 Multa
706 2298 802 2378 primo
818 2297 874 2372 die,
895 2315 963 2358 cum
978 2298 1014 2358 dc
1029 2297 1092 2377 ipsa
1108 2308 1203 2384 morte

132 2403 351 2464 quaereremus,
370 2403 431 2444 non
446 2403 539 2464 pauca
554 2383 641 2445 etiam
657 2393 786 2463 postero,
803 2401 870 2445 cum
886 2391 1024 2462 ageretur
1040 2385 1075 2445 de
1090 2384 1202 2459 dolore,

81 2481 109 2532 25
131 2479 201 2530 sunt
215 2471 290 2530 dicta
306 2469 342 2528 de
356 2477 467 2543 morte,
489 2488 564 2548 quae
580 2471 631 2548 qui
645 2470 832 2545 recordetur,
855 2469 931 2530 haud
951 2488 1022 2531 sane
1037 2463 1202 2548 periculum

132 2563 177 2616 est
192 2573 230 2614 ue
246 2571 307 2614 non
322 2561 447 2614 mortem
459 2563 510 2614 aut
525 2554 682 2632 optandam
696 2563 747 2616 aut
762 2563 842 2616 certe
858 2572 920 2614 noo
933 2554 1093 2616 timendam
1109 2565 1202 2636 putet.

168 2708 190 2758 1.
213 2703 282 2754 anab
305 2703 431 2754 audiebat
452 2701 523 2767 giebt
541 2703 596 2754 hier
613 2704 639 2753 in
727 2707 766 2757 19.
780 2708 878 2768 portus
885 2707 993 2769 praesto
1012 2709 1059 2754 eet.
1089 2705 1150 2756 Zum
1162 2706 1201 2757 ln-

132 2771 177 2824 der
189 2770 453 2836 Gegenribcrstelluug
466 2786 497 2822 zu
511 2775 639 2822 orateur-
691 2771 746 2822 halt
762 2771 815 2835 vgl.
832 2771 851 2822 l.
870 2773 911 2836 30,
930 2773 976 2831 74;
994 2770 1021 2822 ll.
1040 2774 1082 2835 22,
1100 2775 1141 2826 67.

133 2840 272 2894 dasterein
280 2837 561 2905 bdbscbeoWortspieh
572 2839 638 2890 deno
724 2842 764 2891 20.
782 2841 853 2890 nibil
865 2842 993 2890 sentienti
1003 2842 1201 2904 receptaculum

131 2910 201 2962 male
212 2908 306 2958 audire
321 2907 355 2960 ist
372 2931 405 2950 =
422 2905 512 2958 uacuis
522 2899 638 2972 ἀκούειν,
686 2899 816 2959 ‘anlucht
828 2906 873 2959 der
885 2905 1200 2976 Empfiodungslosigkeit,

130 2978 156 3029 io
183 2976 270 3028 iiblcm
296 2973 361 3026 Rufe
390 2975 494 3027 slehen:
517 2966 584 3027 ‘dass
611 2991 638 3027 er
690 2977 713 3028 d.
730 2977 754 3028 h.
772 3004 807 3012 -
825 2991 867 3027 um
886 2975 969 3027 nichts
988 2991 1020 3026 zu
1038 2971 1199 3044 empfindeo’.

132 3046 215 3098 nicbts
235 3043 313 3096 Gutes
330 3057 381 3095 ron
399 3043 455 3096 sich
473 3038 563 3097 horte’.
726 3044 887 3108 Theodorus,
905 3059 926 3096 s.
943 3059 976 3094 zu
993 3043 1010 3096 l.
1029 3047 1071 3110 43,
1093 3049 1147 3099 102.

166 3118 189 3167 2.
214 3129 263 3164 nec
288 3112 383 3164 Graeci
400 3111 511 3176 Latine,
534 3127 580 3163 aus
598 3128 642 3162 ne-
728 3115 769 3166 21.
787 3129 850 3162 vero
865 3105 900 3163 ‘in
912 3111 958 3163 der
969 3105 1052 3177 That',
1067 3116 1200 3182 spbttiscb.

131 3186 221 3233 sciunt
238 3181 321 3246 suppl.
340 3183 440 3242 eduam
459 3180 510 3232 wie
523 3179 601 3232 Acad.
614 3181 641 3233 ll.
692 3179 739 3232 llie
756 3179 850 3231 κανθα
869 3183 900 3245 ts,
921 3180 978 3232 cine
997 3181 1087 3247 giltigc
1104 3182 1199 3251 Fliege,

132 3254 173 3315 47,
193 3253 254 3305 146:
277 3249 319 3299 Ita
338 3253 367 3299 tu
384 3264 464 3310 nunc,
484 3249 583 3314 Catule,
603 3250 643 3300 lu·
693 3249 781 3301 warde
799 3199 886 3314 hiudg
902 3248 940 3300 als
952 3247 1200 3316 Vergiltuogsmittel

132 3337 190 3372 cere
207 3320 306 3381 nmmo,
329 3333 378 3368 nec
399 3321 436 3382 tu,
461 3317 594 3384 Hortensi,
611 3321 641 3369 in
677 3316 859 3384 *angewandt3
878 3316 956 3369 daher
973 3318 1005 3368 ad
1022 3317 1082 3370 lam.
1099 3319 1140 3370 lX.
1159 3323 1199 3386 21,

132 3387 260 3439 totavilla
278 3402 328 3438 nos
345 3402 406 3438 ecee.
691 3389 721 3438 3:
746 3386 772 3437 0.
791 3386 876 3437 Carbo
894 3390 1036 3436 acmanto
1054 3387 1086 3440 L.
1106 3388 1200 3441 Crasso

167 3479 206 3528 ῃ.
223 3473 306 3540 paulo
323 3475 398 3522 ant„
419 3472 461 3535 33,
480 3473 537 3524 111,
691 3455 865 3506 cantharidas
882 3457 1023 3520 cumpo-teca
1041 3455 1149 3508 dicitur.

167 3563 207 3613 1²·
223 3561 338 3611 ΕΜ·
356 3555 415 3623 tgr.
433 3572 464 3608 ²¹¹
480 3556 519 3609 ¹¹¹·
537 3560 562 3622 9’
580 3558 620 3610 ²⁰·
690 3523 1138 3653 22²²5‘3.P⁶dllsl³uellldl'jealil
1148 3525 1198 3646 cll.

168 3645 208 3698 13·
225 3659 311 3695 tetum
329 3644 412 3709 l⁰l²⁴²l
430 3642 480 3694 Wle
498 3645 540 3709 36,
559 3645 615 3697 103·
689 3630 780 3711 Peleos
797 3659 861 3710 nach
881 3657 925 3710 der
943 3661 966 3710 1.
982 3657 1083 3711 Deklin.
1269 3640 1273 3650 ¹

168 3731 208 3780 14.
227 3733 318 3794 captus
337 3753 371 3776 =
385 3730 518 3795 priuatas.
554 3727 588 3780 So
606 3728 638 3780 de
723 3729 823 3779 latua
840 3756 874 3765 -
890 3731 1021 3792 potestate
1039 3733 1085 3780 est.
1122 3727 1197 3783 Sino:

133 3797 184 3849 div.
203 3795 229 3848 ll.
249 3799 272 3859 3,
290 3801 317 3850 9:
340 3798 423 3848 oeulis
441 3802 541 3864 captus.
689 3796 727 3848 Du
746 3795 839 3847 kannst
857 3794 916 3846 dicb
926 3796 955 3859 ja
974 3794 1032 3847 dem
1050 3795 1130 3849 durch
1148 3798 1198 3852 den

168 3869 207 3918 15.
213 3867 340 3929 primum.
358 3863 421 3916 llem
434 3865 639 3931 eotsprichtbier
690 3863 747 3916 'l'od
765 3863 908 3919 entaiehcn.

132 3936 174 3984 sin
191 3932 269 3995 forte.
305 3930 363 3997 Vgl.
384 3948 416 3985 zu
433 3931 450 3986 l.
472 3936 512 3999 13,
530 3936 570 3986 30.
725 3935 766 3985 25.
785 3932 945 3997 nauteam,
963 3947 984 3986 s.
1002 3947 1033 3983 zu
1051 3931 1088 3986 lll.
1109 3938 1131 4000 1,
1150 3939 1173 3988 2.

917 4016 995 4070 tt*
