2804 4474
468 210 563 265 nonu
580 210 622 265 ru.
641 215 718 276 5,11.
737 213 761 279 c,
773 213 812 264 11.
1149 207 1187 267 61

113 402 237 465 sequar,
268 385 319 463 qui
341 385 473 446 animum
495 385 525 445 in
550 384 622 446 duas
637 384 729 464 partis
751 383 899 457 dividunt,
923 383 1044 448 alteram
1066 387 1191 450 rationis

111 470 288 552 participem
310 470 432 543 iaciunt,
454 470 576 530 alteram
591 477 758 549 expertem;
774 469 804 531 iu
825 468 969 550 participe
990 472 1114 534 rationis
1134 492 1189 554 po-

112 564 190 617 nunt
201 555 454 634 tranquillitatem,
471 555 556 616 idest
575 554 718 635 placidam
732 555 921 634 quietamque
936 557 1141 629 constantiam,
1158 559 1189 619 in

112 641 160 702 illa
176 639 271 701 altera
291 649 390 702 motus
410 640 547 702 turbidos
571 657 640 701 eum
663 639 724 700 irae
746 649 809 702 tum
825 639 993 720 cupiditatis
1023 641 1191 705 contrarios

78 738 92 786 5
112 725 311 804 inimicosque
332 725 450 787 rationi.
486 725 530 787 Sit
551 725 642 805 igitur
663 725 712 786 bic
726 726 809 801 loos;
834 735 952 787 ummur
972 735 1071 789 tamen
1094 727 1125 789 in
1146 728 1192 790 bis
1215 735 1242 786 11

113 811 389 891 perturbationibus
404 810 601 872 discribendis
622 809 790 871 Stoicorum
811 809 1034 874 delinitionibus
1055 821 1084 874 et
1099 812 1191 893 parti-

112 895 262 972 tionibus,
278 896 330 975 qui
345 895 417 957 mibi
430 897 568 957 videntur
581 895 612 956 in
628 895 683 955 hac
699 895 872 974 quaestione
886 899 997 959 versari
1012 897 1191 960 acutissime.

199 980 255 1042 Est
273 979 365 1059 igitur
378 979 506 1043 Zenonis
526 981 599 1042 haec
620 979 767 1053 definitio,
789 988 823 1041 ut
839 982 1018 1061 perturbatio
1034 983 1087 1056 sit,
1110 983 1225 1062 quodtt

113 1062 234 1142 πάθος
256 1065 305 1126 ille
326 1066 412 1140 dicit,
435 1084 535 1128 aversa
557 1083 573 1126 a
593 1066 805 1128 remoratione
821 1073 923 1127 cantra
945 1077 1080 1129 naturam
1102 1068 1193 1129 animi

64 1162 91 1212 to
112 1151 285 1212 commotio.
316 1151 441 1223 Quidam
456 1151 589 1224 brevius,
611 1150 866 1230 perturbationem
887 1169 950 1213 esse
965 1154 1128 1233 appetitum
1144 1170 1192 1214 ve-

112 1237 345 1309 hementiorem,
367 1237 418 1298 sed
433 1236 684 1298 vehementiorem
700 1254 768 1297 eum
782 1235 886 1298 volunt
901 1254 979 1309 esse,
1004 1238 1054 1316 qui
1075 1238 1194 1317 langius

114 1320 284 1384 discesserit
303 1340 321 1382 a
343 1331 465 1384 naturae
486 1321 660 1384 constantia.
696 1320 790 1382 Partis
816 1330 914 1381 autem
935 1321 1193 1400 perturbationum

114 1407 220 1468 volunt
242 1424 277 1467 ex
299 1405 416 1468 duobus
442 1406 569 1487 opinatis
595 1405 682 1468 bonis
708 1406 789 1467 nasci
811 1412 840 1466 et
866 1424 902 1467 ex
923 1406 1038 1468 duobus
1065 1407 1194 1487 opinatis

117 1492 221 1566 malis3
239 1492 279 1552 ita
295 1511 358 1554 esse
374 1499 529 1572 quattuor,
555 1511 591 1552 ex
606 1491 694 1553 bonis
715 1491 862 1552 libidinem
884 1499 914 1552 et
929 1491 1084 1566 laetitiam,
1109 1500 1142 1553 ut
1157 1491 1194 1554 sit

64 1586 92 1637 lb
115 1577 226 1638 laetitia
240 1578 441 1656 praesentium
457 1577 615 1651 bonorum,
633 1576 723 1639 libido
740 1577 918 1650 futurorum,
938 1595 973 1637 ex
987 1577 1072 1639 malis
1086 1587 1194 1640 metam

117 1670 146 1724 et
161 1662 369 1742 capritadinem
381 1663 462 1724 nasci
475 1670 607 1735 censent,
622 1671 734 1724 metum
746 1662 864 1734 suturis,
879 1661 1095 1741 aegritudinem
1107 1680 1193 1744 prae-

116 1747 269 1822 sentibus3
285 1765 360 1826 quae
376 1747 455 1808 enim
470 1746 617 1809 venientia
632 1755 817 1820 metuuntur,
833 1746 935 1807 eadem
946 1747 1192 1826 adiiciuntaegri·

117 1832 222 1894 tudine
236 1832 386 1894 instantia.
423 1831 545 1894 Laetitia
560 1841 658 1894 autem
673 1840 704 1894 et
717 1830 808 1892 libido
830 1831 860 1892 in
882 1831 1031 1894 bonorum
1052 1833 1195 1912 opinione
1216 1839 1248 1892 12

117 1927 288 1992 versantur,
304 1936 371 1978 curu
387 1917 477 1979 libido
492 1918 528 1979 ad
544 1917 588 1991 id,
604 1918 682 1996 quod
697 1917 812 1978 videtur
826 1916 953 1991 bonum,
974 1917 1081 1979 inlecta
1103 1926 1132 1978 et
1147 1917 1194 1978 iu·

66 2011 95 2062 m
118 2003 266 2064 flammata
280 2002 424 2082 rapiatur,
445 2003 554 2064 laetitia
569 2011 602 2063 ut
616 2001 722 2082 adepta
737 2001 795 2062 iam
811 2001 921 2079 aliquid
942 2004 1134 2082 concupitum
1152 2003 1194 2062 ei-

118 2089 232 2150 leratur
246 2097 276 2148 et
291 2089 405 2167 gestiat.
435 2087 545 2150 Natura
560 2088 640 2148 enirn
656 2105 760 2148 omnes
776 2103 827 2160 ea,
851 2105 925 2166 quae
947 2087 1025 2149 bona
1046 2087 1194 2160 ridentur,

120 2179 288 2251 sequuntur
308 2173 486 2252 fugiuntque
513 2173 670 2235 contraria.
712 2172 945 2243 Quamobrem
971 2173 1059 2235 simul
1081 2173 1194 2234 obiecta

120 2257 235 2339 species
251 2266 295 2319 est
310 2258 483 2339 cuiuspiam,
499 2258 579 2338 quod
594 2258 706 2320 bonum
721 2258 863 2332 videatur,
879 2258 914 2319 ad
930 2257 958 2319 id
974 2258 1194 2338 adipiscendum

120 2343 247 2424 impellit
267 2343 330 2424 ipsa
346 2354 458 2405 natura.
489 2344 521 2405 ld
537 2361 604 2405 cum
627 2350 800 2405 constanter
820 2343 1043 2423 prudenterque
1063 2345 1111 2418 tit,
1133 2343 1196 2404 eius

122 2475 149 2512 er
167 2459 223 2513 sich
246 2459 272 2511 iu
297 2458 341 2512 der
358 2459 526 2527 Behandlung
550 2460 634 2514 dieses
721 2461 761 2515 13.
781 2463 898 2526 opinatio
916 2463 1000 2522 bonis,
1018 2475 1039 2514 s.
1053 2477 1084 2513 au
1102 2461 1140 2514 lll.
1156 2466 1196 2526 11,

122 2527 234 2580 Thomas
250 2527 300 2594 (bis
313 2542 334 2580 c.
346 2531 387 2591 14)
400 2527 449 2580 den
462 2527 581 2580 Stoibern
593 2544 634 2581 an.
686 2531 727 2581 24.
760 2528 863 2580 Ebeuso
881 2530 897 2592 ξ
917 2531 956 2582 14.
975 2529 1025 2580 Zur
1043 2528 1125 2581 Sache
1143 2530 1198 2595 vgl.¹

157 2599 181 2648 4.
205 2611 265 2646 aam
288 2597 360 2661 irae,
386 2601 442 2647 tom
467 2597 635 2663 cupidinum
685 2595 768 2661 Epiat.
781 2595 881 2647 Euchir.
899 2610 921 2648 c.
935 2601 963 2648 b:
986 2593 1120 2677 ijapdaam
1136 2595 1198 2648 aeia

122 2679 145 2716 s.
156 2664 174 2714 Ι.
187 2667 227 2722 m,
239 2665 280 2716 20.
686 2660 854 2730 ἀνθρώπους
865 2658 895 2714 aei
909 2660 943 2714 τὰ
955 2681 1111 2746 πραῖματα,
1128 2659 1197 2716 ἀλλὰ

158 2733 184 2784 8.
207 2730 326 2782 Zenonis
347 2731 476 2793 definitio.
511 2729 584 2798 Diog.
608 2731 647 2782 L.v
686 2728 722 2782 mi
743 2733 806 2801 περὶ
828 2731 888 2781 τῶν
907 2747 1079 2799 πραγματων
1097 2725 1198 2799 δόγμα-

123 2798 175 2862 till,
196 2801 258 2853 110:
279 2795 357 2850 Ἐστι
380 2794 411 2851 δὲ
432 2794 498 2850 αὐτὸ
521 2795 553 2850 τὸ
577 2795 635 2852 πά·
687 2817 730 2850 τα.

123 2867 193 2920 θος
215 2863 282 2918 aaa?
303 2862 421 2932 Ζήνωνα
443 2861 461 2932 ἡ
481 2861 575 2937 aiiayoe
592 2869 638 2918 καὶ
724 2868 764 2919 16.
797 2864 902 2927 faturia
940 2894 973 2902 -
1006 2867 1197 2931 praesentiam.

122 2930 200 3004 παρὰ
222 2928 307 3003 φύσιν
333 2935 418 3000 aazia
440 2939 543 2999 nimam
560 2928 577 2999 ἢ
594 2927 637 3002 ὁρ·
689 2932 787 3000 Wegeu
806 2932 851 2984 des
872 2934 943 2986 nicht
961 2931 1146 2986 wiederbolten
1163 2950 1199 2985 eac

124 3001 163 3071 μὴ
182 2999 378 3066 πλεονάζουσα.
689 3017 709 3053 s.
729 3016 750 3052 a.
769 2999 806 3052 lll.
825 3005 866 3065 15,
884 3004 931 3054 33:
949 3004 1112 3054 avocatione.
1140 3000 1198 3068 Vgl.

160 3074 185 3124 9.
226 3075 320 3122 cantra
352 3075 494 3135 mammam,
530 3068 638 3134 adjeltti·
689 3067 938 3134 autumantia,
952 3073 1016 3123 134:
1034 3070 1126 3121 videat
1141 3074 1198 3136 qui·

125 3139 213 3190 visch:
230 3130 431 3205 ‘neturwidrig',
453 3136 547 3192 wiell.
566 3139 590 3201 3,
608 3141 637 3189 l:
690 3139 738 3188 bue
756 3137 788 3188 da
809 3139 888 3189 rebus
909 3139 1052 3203 loquatur.-
1072 3140 1097 3189 ai
1112 3141 1198 3201 remia,

124 3211 185 3258 eine
196 3207 380 3258 delectatione.
409 3205 466 3272 ugr.
479 3207 638 3270 unten§13.
689 3207 858 3256 severitatem
884 3208 1025 3272 adhibeat,
1050 3208 1076 3256 ei
1101 3209 1199 3257 iocosis

163 3277 203 3329 11.
214 3276 316 3340 colant,
325 3289 345 3327 s.
355 3290 387 3326 zu
396 3273 414 3327 l.
426 3277 466 3340 10,
475 3277 515 3326 20.
535 3273 637 3326 Ebeuso
689 3275 812 3340 leporem.

111 3345 207 3394 'uuteu
225 3345 249 3408 t,
269 3346 309 3396 15.
724 3343 763 3394 18.
776 3344 907 3393 instantia
916 3365 949 3385 =
957 3345 1121 3408 praesentia,
1134 3343 1199 3393 auch

164 3412 204 3464 12.
231 3428 248 3461 a
266 3415 381 3461 naturae
403 3412 554 3461 constantia
574 3401 638 3460 ‘von
690 3412 730 3471 30,
750 3412 791 3463 64.

127 3477 173 3530 der
193 3477 399 3564 naturpemiisen
416 3468 628 3543 Bestindigkeit'.
724 3479 765 3532 20.
777 3482 810 3529 att
824 3477 929 3543 adepta,
948 3469 984 3528 cia
996 3478 1121 3541 τυχοῦσα.
1141 3476 1199 3543 ng

162 3547 254 3598 Partis
278 3546 393 3612 Species,
412 3538 506 3612 Artem,
524 3560 545 3598 s.
559 3544 638 3597 zulll.
689 3545 708 3596 1.
718 3547 742 3607 8,
754 3549 798 3599 15:
817 3550 849 3596 ut
865 3545 959 3597 Siculi.

130 3617 171 3678 11,
190 3617 231 3679 24,
245 3630 286 3667 wo
299 3614 394 3679 jedocb
413 3614 473 3680 (wie
485 3614 550 3666 acob
563 3614 640 3665 111111-
725 3615 766 3665 22.
782 3613 872 3676 amat,
889 3613 930 3664 idr
946 3613 1027 3663 amul
1043 3618 1131 3678 atque,
1149 3612 1200 3664 wie

128 3683 176 3734 ber
190 3685 205 3746 ἦ
218 3684 310 3735 ltiund
320 3685 354 3736 20
364 3681 469 3747 wieder)
478 3680 640 3734 dieUnter-
691 3681 769 3732 dead.
791 3680 819 3732 ll.
841 3683 887 3745 27,
907 3683 956 3734 86:
980 3679 1067 3732 Simul
1091 3683 1201 3744 imitavit

130 3749 295 3817 ahteiluugen
307 3750 415 3802 dervier
422 3751 642 3816 perturbationes
693 3751 799 3814 tibiam,
813 3766 830 3799 a
846 3751 934 3814 perito
952 3764 1060 3798 carmem
1077 3752 1201 3814 agnomi-

128 3822 257 3884 partea,
270 3818 341 3871 diese
350 3818 432 3870 aelbst
444 3818 504 3871 aber
512 3833 641 3883 genera
694 3821 754 3877 tam
767 3817 833 3868 auch
847 3816 887 3867 bei
899 3815 975 3867 diser
985 3815 1038 3867 und
1050 3815 1136 3869 Livius
1148 3817 1200 3868 bis-

130 3891 245 3952 genennt
264 3886 376 3940 werden.
694 3884 798 3936 weilen.
