2822 4462
75 1177 99 1228 10

479 226 574 281 uem
590 226 608 280 1
626 229 669 294 aa
687 229 729 282 et.
745 228 789 292 et,
807 228 849 282 er.

1164 229 1206 288 81

118 399 191 460 faeie
207 399 256 460 vel
285 399 398 478 patris,
419 399 474 460 rita
504 399 639 460 omnium
661 399 847 477 perditorum
870 401 909 462 ita
930 400 1053 476 similis,
1075 411 1108 462 ut
1128 412 1207 463 esset

118 484 206 546 facile
220 485 417 560 deterrimum
440 484 527 546 cuius
548 483 636 546 etiam
659 484 761 547 similis
776 485 809 547 Ρ.
826 485 938 560 Crassi,
961 494 991 547 et
1012 485 1156 566 sapientis
1177 499 1207 548 et

119 569 292 648 eloquentis
315 579 345 630 et
364 570 454 650 primi
480 569 625 644 hominis,
646 587 743 650 nepos
762 571 984 650 multorumque
999 571 1125 633 aliorum
1146 571 1206 634 ota-

118 673 223 716 rorum
238 655 382 727 virorum,
397 674 475 735 quos
490 655 562 716 nihii
577 655 684 717 attinet
699 656 864 732 nominare,
881 667 1007 738 nepotes
1022 666 1052 718 et
1067 656 1128 718 0111

86 753 98 801 5
203 739 265 801 Sed
281 739 353 818 quid
368 737 504 820 agimus?
526 739 650 802 oblitine
664 758 768 803 sumus
783 741 840 804 boe
855 760 938 804 nune
953 741 1041 804 nobis
1056 761 1121 804 esse
1136 761 1207 821 pro·

118 825 268 905 positum,
299 843 368 886 oum
389 826 460 888 satis
474 826 512 888 de
534 825 708 887 aeternitate
733 826 924 901 dixissemus,
948 847 986 888 ne
1002 830 1027 889 si
1049 828 1209 889 interirent

121 910 242 990 quidem
258 910 366 985 animi,
389 912 549 992 quiequam
571 910 640 972 mali
654 929 720 973 esse
736 912 766 973 in
783 910 900 974 morte?
929 912 962 974 t.
978 913 1043 992 Ego
1058 931 1128 974 vero
1144 931 1206 974 me·

118 996 284 1069 mineram,
307 997 358 1057 sed
381 1004 410 1058 te
432 997 469 1059 de
491 995 665 1058 aeternitate
681 997 830 1058 dicentem
852 997 993 1060 aberrare
1016 1018 1032 1060 a
1050 999 1206 1079 proposito

119 1081 204 1142 iaoile
219 1080 368 1160 patiebar.

204 1165 249 1226 111.
266 1165 358 1228 Video
372 1175 402 1228 te
417 1165 475 1228 dte
489 1173 626 1245 spectare
643 1175 673 1228 et
684 1166 758 1228 velle
772 1167 805 1228 in
821 1166 934 1228 eaeium
947 1167 1083 1248 migrare.
1107 1168 1203 1248 Spero
1219 1173 1259 1228 04

120 1253 236 1313 iore⁸ut
251 1252 406 1330 contingat
420 1251 451 1312 id
467 1251 562 1314 nobis.
593 1251 653 1314 Sed
668 1253 729 1326 iae,
753 1262 785 1314 ut
807 1252 859 1314 isti
868 1252 991 1325 uolunt,
1013 1253 1128 1314 animm
1144 1273 1206 1316 uon
1228 1265 1257 1314 82

120 1354 280 1397 remanere
295 1347 363 1416 post
378 1345 520 1410 mortem;
536 1336 621 1398 video
637 1356 702 1412 nos,
718 1337 742 1398 si
757 1337 796 1398 ita
811 1337 858 1409 sit,
875 1337 984 1417 privari
998 1356 1053 1418 spe
1066 1338 1208 1400 beatioris

120 1422 214 1498 ritae3
230 1421 302 1482 maii
312 1440 383 1483 vero
398 1421 469 1502 quid
484 1421 580 1482 adfert
594 1423 649 1484 ista
664 1419 832 1484 sententia?
848 1422 907 1484 Fau
922 1423 1002 1484 enim
1015 1423 1058 1484 sio
1073 1423 1206 1484 animum

121 1507 264 1582 interire,
287 1515 321 1568 ut
335 1525 461 1587 eorpus3
485 1525 559 1568 num
580 1507 671 1587 igitur
693 1508 798 1588 aliquis
820 1507 908 1570 doior
928 1518 981 1570 aut
996 1508 1121 1570 omnino
1137 1519 1206 1590 post
1283 1563 1287 1572 .

77 1603 101 1654 15
120 1600 251 1654 mortem
273 1610 380 1654 sensus
401 1593 432 1654 iu
451 1610 578 1672 corpore
594 1590 662 1655 esti
684 1593 777 1656 Nemo
793 1593 822 1654 id
839 1594 958 1673 quidem
974 1593 1060 1669 dieit,
1077 1594 1133 1656 etsi
1147 1594 1207 1656 De·

121 1677 283 1740 madritum
300 1677 450 1740 insimulat
465 1676 631 1757 Epicurus,
652 1678 826 1742 Democritii
848 1690 969 1758 negant.
993 1679 1038 1740 Ne
1060 1680 1090 1741 in
1107 1681 1207 1741 animo

122 1762 246 1842 quidem
260 1762 351 1842 igitur
366 1781 472 1824 sensus
488 1772 640 1838 remanet;
654 1765 718 1843 ipse
734 1765 813 1825 enim
831 1782 979 1842 nusquam
994 1773 1049 1826 est.
1079 1764 1136 1826 Ubi
1151 1764 1208 1843 igi-

121 1856 171 1909 tur
192 1848 306 1910 malum
320 1856 381 1922 est,
402 1847 546 1928 quoniam
569 1848 643 1910 nihil
664 1849 786 1910 tertium
807 1845 874 1910 esti
896 1867 934 1910 an
958 1848 1125 1930 [quornm]
1145 1849 1209 1930 ipse

122 1933 215 1999 animi
230 1933 379 1996 discessus
401 1952 418 1994 a
441 1951 569 2014 eorpore
592 1952 655 1995 non
677 1935 711 1994 iit
732 1935 798 1996 sine
820 1931 945 1996 dolore?
969 1934 1007 1995 Ut
1027 1934 1146 1995 credam
1169 1935 1208 1995 ita

77 2028 103 2078 10
124 2037 199 2094 esse,
217 2037 307 2097 quam
319 2019 406 2080 estid
418 2019 570 2097 exiguumi
588 2018 646 2080 Sed
656 2018 763 2081 falsum
775 2038 840 2080 esse
851 2019 981 2081 arbitror
991 2019 1065 2080 etfit
1076 2020 1209 2100 pierum-

159 2207 181 2256 1.
204 2203 248 2255 oet
266 2206 357 2269 patris
388 2217 466 2256 wesin
492 2219 551 2256 mas
579 2204 642 2270 vili,

124 2270 148 2323 d.
160 2271 188 2324 b.
201 2271 348 2335 immerbin,
360 2272 559 2339 meinetwegen.
589 2272 642 2326 Cio.

124 2340 197 2406 giebt
204 2339 268 2405 jede
281 2339 411 2406 beliebige
423 2338 589 2394 Abniiebkeit
600 2357 642 2405 au,

122 2407 225 2460 weiobe
235 2407 277 2459 die
286 2407 408 2460 leibliebe
416 2406 642 2462 Verwandtsubait

124 2475 246 2539 beweiut,
264 2474 296 2527 da
308 2476 350 2528 die
363 2476 472 2542 geistige
485 2475 642 2530 0100111011-

124 2543 188 2609 keit,
201 2543 248 2596 eui
258 2543 300 2596 die
310 2560 338 2596 es
348 2545 403 2597 bier
411 2545 490 2597 aiiein
500 2545 641 2611 ankommt,

123 2611 230 2666 evident
247 2613 291 2666 ist.
326 2612 386 2678 Vgi.
405 2613 473 2666 auob
489 2629 521 2667 ru
540 2617 581 2676 ib,
595 2617 640 2668 et:

122 2684 166 2732 mi
183 2681 306 2732 similem.

157 2751 183 2801 2.
201 2751 231 2802 Ρ.
250 2749 349 2804 Croesi.
390 2747 420 2802 P.
437 2748 551 2802 Lici-eius
568 2749 642 2800 Cras·

123 2832 168 2868 sus
181 2815 270 2881 Dives,
288 2815 450 2870 restionem
468 2817 515 2868 rnit
529 2815 587 2868 dem
606 2816 643 2868 il·

123 2889 198 2937 teren
210 2885 355 2950 dirioauus,
373 2883 506 2950 gideklieb
518 2884 557 2938 ais
569 2882 643 2938 rett-

123 2951 641 3018 berr,boebanpesebenalsstaaturntnn,

123 3019 352 3088 Rechtsgelebrter
370 3021 422 3074 und
439 3019 553 3084 Redner,
571 3020 641 3072 starb

125 3091 181 3142 183.
220 3089 282 3141 Seiu
300 3089 395 3152 balnei,
415 3089 527 3142 welcher
544 3089 641 3141 ebenso

123 3157 206 3223 bieis,
239 3163 368 3210 verarmte
406 3157 504 3224 iniotge
544 3157 642 3224 prober

125 3223 311 3291 Schwelgerei.
347 3224 404 3278 Vel.
416 3225 485 3278 Max.
496 3225 538 3280 vt
551 3229 577 3290 0,
590 3227 630 3278 12.

158 3296 185 3346 3.
207 3295 294 3360 primi
316 3295 432 3346 bominis
455 3317 491 3338 -
506 3297 642 3360 primarii,

121 3364 267 3428 principis.
303 3361 340 3414 So
356 3363 383 3414 in
402 3361 528 3416 Veran.
543 3363 641 3427 12,31;

125 3447 142 3480 a
159 3429 267 3497 Lysone
285 3429 471 3497 Lilybaemao,
488 3433 576 3496 primo
594 3433 642 3482 bo·

125 3512 208 3550 mone.

160 3569 185 3619 5.
200 3568 373 3632 propositam
392 3565 508 3630 Absioht,
526 3581 581 3632 erg.
598 3567 643 3618 du·

126 3648 195 3689 cere.

162 3704 187 3755 0.
205 3699 290 3764 sadda
305 3703 439 3767 patiebar,
457 3702 507 3754 wie
521 3703 563 3767 23,
575 3704 617 3754 55.

164 3772 204 3823 10.
223 3771 278 3822 alte
294 3774 415 3835 speetare
433 3770 489 3822 sieb
508 3771 550 3822 ein
561 3770 644 3822 bobes

127 3835 182 3888 Ziei
206 3843 305 3892 setzen.
351 3836 408 3904 Vgl.
426 3837 457 3890 de
483 3838 589 3904 rele.
602 3839 644 3902 23,

129 3906 174 3956 25:
201 3908 256 3977 uita
278 3910 400 3972 spectare
423 3909 447 3958 si
469 3908 540 3959 voles
562 3910 644 3973 utque

180 3997 255 4042 Cicero
269 3997 360 4042 Tuscul.
376 3997 393 4042 1.
414 3999 434 4042 9.
449 3999 509 4042 Aut.

694 2205 766 2256 bane
786 2205 873 2257 aedem
897 2209 923 2256 ot
946 2211 1083 2258 aeternam
1100 2205 1208 2257 domum

694 2276 816 2326 contueri
836 2278 886 2325 eet.
922 2272 959 2326 So
980 2274 1045 2325 anob
1064 2273 1097 2326 de
1115 2273 1158 2328 off.
1176 2273 1208 2328 11.

696 2343 736 2406 13,
745 2345 790 2394 tu:
807 2356 911 2408 magua
925 2347 1054 2408 spectare.

729 2413 768 2462 11.
790 2409 840 2462 Der
856 2409 892 2462 lm
912 2411 993 2462 eretiv
1015 2408 1063 2471 fao
1085 2409 1133 2462 ruit
1149 2409 1208 2462 dein

693 2478 855 2544 abbingigen
930 2478 1066 2544 ortgeitige
1106 2479 1209 2530 vertritt

692 2545 766 2598 niobt
790 2546 873 2598 seiten
900 2545 974 2598 einen
1000 2544 1209 2610 lionaessiveatz,

693 2613 746 2680 vgl.
756 2613 795 2666 111.
806 2615 847 2678 10,
859 2614 900 2665 40.

730 2700 770 2749 ib
791 2697 892 2762 eliquia
914 2696 1005 2748 dolor:
1027 2696 1068 2747 ein
1088 2695 1208 2749 Scbmerz

694 2765 785 2830 irgend
804 2764 917 2815 welober
934 2762 990 2815 Art.

730 2852 770 2903 lb.
787 2847 980 2899 Dmoeriium.
1019 2845 1074 2912 tgr.
1090 2851 1130 2912 ll,
1142 2850 1183 2901 22.

730 2935 771 2988 13.
788 2933 860 2984 nibil
877 2935 997 2999 tertium,
1013 2933 1098 2985 ueben
1110 2932 1209 3001 Korper

692 3001 745 3053 und
764 3001 846 3066 Geist.

728 3089 769 3139 20.
782 3086 837 3139 Sed
846 3084 947 3148 falsum
959 3090 1156 3140 stromateon.
1173 3089 1210 3142 Ζιι

693 3154 737 3206 der
764 3153 988 3221 Satzverbiudung
1014 3156 1068 3222 vgl.
1095 3158 1142 3220 21,
1155 3159 1208 3211 493

694 3223 772 3288 Quod
787 3227 820 3274 ut
836 3227 875 3274 iia
897 3226 935 3274 n't
952 3252 984 3261 —
1001 3226 1137 3288 gloriam?
1154 3224 1210 3278 Nee

693 3295 783 3343 tameo
800 3297 863 3351 cet.;
881 3289 910 3344 11.
923 3294 965 3357 21,
977 3295 1022 3344 tr:
1041 3293 1073 3346 Si
1089 3295 1160 3344 notit
1171 3310 1209 3344 es-

693 3366 732 3410 set
748 3360 842 3425 eliud„
864 3360 936 3411 nibil
958 3366 1024 3412 esset
1041 3363 1148 3412 bomine
1166 3362 1209 3411 de·

693 3425 817 3489 formius.
848 3427 901 3479 Sed
915 3433 1025 3492 praesto
1043 3434 1083 3479 eat
1100 3429 1208 3479 domino

695 3500 815 3548 omnium
832 3501 859 3546 ot
874 3499 971 3560 regina
989 3500 1070 3548 ratio.

729 3569 756 3615 et
776 3564 811 3626 fit
826 3568 876 3616 oet.
911 3563 957 3615 bie
979 3563 1153 3629 Begrdndung
1174 3564 1209 3615 ist

694 3632 723 3690 in
738 3631 814 3684 ireier
826 3630 913 3683 Weise
932 3630 1011 3682 dureb
1028 3631 1086 3684 eine
1097 3629 1209 3700 Kopula·

695 3699 844 3766 tirpartikei
857 3697 1017 3764 angekudpit
1026 3699 1144 3762 wordem
1158 3715 1209 3766 pua
1242 3731 1243 3734 =

695 3769 732 3832 (in
745 3769 891 3850 totumquo)
909 3766 971 3848 istst
983 3765 1029 3820 das
1042 3767 1153 3849 Geoagte
1166 3759 1209 3818 nul

695 3851 822 3888 sammen:
849 3833 902 3886 und
919 3834 1086 3902 uberhaupt,
1104 3851 1155 3888 wie
1167 3836 1209 3896 43,

697 3907 759 3956 tot:
778 3907 887 3969 totaque
905 3902 937 3954 de
953 3906 1070 3958 ratione.

988 3991 1004 4040 6
