2822 4462
197 233 237 290 52
580 229 675 283 niem
692 230 710 283 1.
730 234 770 294 ιι,
789 233 830 282 ao.
849 233 890 282 ao.

154 413 187 467 11
283 402 339 464 Sed
356 402 445 464 redeo
467 403 503 464 ad
524 403 672 482 antiquos.
703 401 860 465 Rationem
882 402 923 463 illi
939 401 1105 464 sententiae
1125 419 1197 462 suae
1213 420 1275 461 non

198 491 259 549 lere
275 488 448 559 reddebant,
472 488 528 549 nisi
544 489 614 567 quid
637 497 701 548 erat
723 488 855 550 numeris
877 497 928 550 aut
949 486 1200 567 descriptionibus
1224 505 1276 547 er·

145 573 376 651 applicandum.
412 573 566 634 Platonem
590 573 704 646 lerunt,
728 581 761 634 ut
781 574 981 653 Pythagoreos
1005 580 1216 651 cognosceret,
1243 571 1274 633 in

197 658 309 719 ltaliam
331 660 448 721 venisse
471 667 501 719 et
523 657 659 720 didicisse
683 659 865 738 Pythagorea
888 658 996 734 omnia,
1027 658 1216 738 primumque
1239 659 1275 719 de
1402 721 1403 724 ,

198 744 364 805 animorum
380 744 554 805 aeternitate
570 763 632 805 non
656 743 751 805 solum
774 743 903 806 sensisse
924 743 1003 805 idem
1026 742 1106 822 quod
1129 743 1276 823 Pythago·
1299 752 1315 800 5
1402 739 1403 828 l

197 848 270 903 ram,
286 829 338 890 sed
353 829 498 891 rationem
514 829 600 890 etiam
616 829 757 891 attulisse.
788 828 895 902 Quam,
918 828 975 890 nisi
999 827 1069 907 quid
1084 827 1166 906 dicis,
1188 847 1276 908 prae·
1402 831 1403 850 ¹

198 914 394 976 termittamus
410 924 440 976 et
453 915 531 976 haue
546 924 639 975 totam
654 933 738 994 spem
759 913 1212 991 immortalitatisrelinquamus.
1243 915 1277 974 Α.

200 999 243 1059 dn
260 1007 292 1060 tu
308 1018 377 1060 eum
393 1018 439 1061 me
462 1000 494 1061 in
516 1019 662 1062 summam
679 999 931 1079 exspectationem
953 997 1118 1074 adduxeris,
1142 996 1277 1060 deseris?

200 1083 307 1146 Errare
329 1103 376 1146 me
398 1085 520 1146 hercule
541 1085 618 1146 malo
641 1104 709 1146 cum
731 1085 865 1160 Platone,
895 1103 984 1163 quem
1008 1094 1039 1145 tu
1062 1084 1165 1163 quanti
1188 1084 1277 1146 iacias

199 1169 260 1230 seio
277 1181 307 1230 et
321 1189 411 1249 quem
426 1189 461 1231 ex
477 1181 529 1231 tuo
545 1189 597 1231 ore
612 1170 751 1244 admiror,
774 1188 863 1248 quam
886 1189 955 1231 cum
977 1169 1041 1230 istis
1064 1188 1131 1231 vera
1153 1169 1275 1231 sentire.
1301 1175 1331 1226 10

146 1255 176 1304 40
198 1252 239 1314 M.
254 1255 348 1316 Macte
370 1256 492 1317 virtutel
516 1274 571 1334 ego
594 1257 674 1317 euim
697 1255 760 1335 ipse
783 1273 851 1316 cum
875 1254 979 1316 eodem
1002 1255 1058 1316 isto
1082 1274 1144 1316 non
1167 1255 1278 1316 invitus

198 1341 365 1401 erraverim.
391 1341 467 1402 Num
479 1341 570 1421 igitur
581 1338 771 1403 dubitamus?
782 1358 820 1401 an
833 1341 911 1402 siout
921 1337 1086 1420 pleraque?
1098 1357 1278 1420 quamquam

199 1427 255 1484 hoc
278 1427 397 1503 quidem
420 1427 557 1500 minime;
579 1427 761 1506 persuadent
783 1426 862 1486 enim
878 1425 1090 1499 mathematici,
1118 1434 1230 1486 terram
1245 1425 1275 1485 in

200 1509 296 1570 medio
319 1511 431 1572 mundo
447 1513 532 1573 sitam
554 1512 590 1572 ad
613 1511 742 1573 universi
766 1511 839 1572 caeli
862 1511 1049 1590 complexum
1072 1511 1154 1587 quasi
1170 1509 1278 1589 puncti

198 1595 294 1655 instar
316 1595 460 1671 obtinere,
484 1595 562 1675 quod
585 1598 718 1677 κέντρον
734 1595 775 1657 illi
797 1593 927 1656 vocant?
949 1613 1012 1660 eaor
1030 1611 1122 1674 porro
1139 1604 1279 1655 naturam
1302 1603 1332 1652 15

200 1698 264 1740 esse
280 1690 419 1758 quattuor
434 1682 533 1742 omnia
548 1682 734 1760 gignentium
749 1697 918 1761 corporum,
935 1690 977 1753 ut,
994 1679 1076 1757 quasi
1093 1680 1208 1758 partitia
1224 1680 1280 1740 ba·

199 1764 291 1826 beant
304 1765 384 1827 inter
398 1785 430 1827 se
444 1785 479 1826 ac
494 1766 583 1828 divisa
597 1776 758 1841 momenta,
780 1777 899 1827 terrena
921 1774 951 1826 et
965 1765 1064 1824 umida
1079 1773 1186 1843 suopte
1202 1774 1279 1825 nutu

236 1871 258 1916 1.
284 1866 321 1916 ad
337 1869 474 1932 antiquos,
496 1883 528 1919 zu
546 1867 597 1919 den
614 1868 713 1920 ilteren
799 1867 840 1919 11.
858 1865 1207 1930 Narnigitnrdubiiomaee?
1226 1864 1277 1918 Cic.

200 1932 403 2000 Pythagoreern.
764 1934 871 2000 beginnt
888 1934 936 1984 mit
950 1932 1159 1999 decuriarum,
1177 1931 1232 1984 deis
1251 1948 1278 1984 er

235 2003 260 2055 2.
278 2018 334 2053 non
350 2001 409 2064 sere
424 2004 578 2054 reddebant.
605 2000 712 2054 811111-
764 2017 796 2053 an
826 2001 871 2054 der
901 2000 1060 2067 Ricbtigkeit
1093 2000 1139 2052 der
1168 1999 1277 2052 Ansiobt

201 2073 315 2134 godgten
333 2071 389 2121 sich
408 2070 571 2136 gewdbnlicb
589 2071 636 2122 mit
653 2069 712 2122 dem
764 2069 852 2121 Platea
875 2084 920 2134 gar
944 2069 1016 2120 nicht
1039 2068 1160 2121 zweileln
1182 2068 1276 2132 libone,

201 2137 329 2201 Spruebe:
357 2138 447 2190 Ainos
471 2140 517 2203 (sc.
541 2137 712 2206 Pythagoras)
764 2138 828 2188 wind
847 2137 901 2188 sich
919 2137 981 2188 aber
1005 2137 1087 2188 solort
1111 2137 1197 2188 seinos
1215 2152 1277 2189 neu·

200 2205 261 2273 ἔφα.
764 2204 963 2256 akademiscben
999 2204 1192 2272 Standpuoktes
1233 2206 1276 2256 be·

235 2273 458 2338 descriptionibus
475 2297 508 2317 =
527 2275 712 2340 geometriscbe
766 2273 851 2338 wulst,
869 2288 924 2324 was
942 2273 987 2324 ibn
1005 2288 1037 2324 nu
1055 2271 1101 2325 der
1119 2273 1277 2339 Gegenlrage

201 2340 324 2404 Figuram
337 2342 388 2406 111.
398 2341 431 2393 de
441 2341 484 2394 off.
495 2342 713 2406 [1113811111-
764 2341 917 2394 veranlalst:
932 2357 968 2393 an
979 2343 1049 2392 111111
1056 2341 1277 2408 pleroqnemirml.

200 2408 302 2470 finandi
320 2409 473 2475 descriptio,
497 2411 538 2462 die
557 2411 712 2477 Zoichnung‚
763 2413 803 2461 eie
820 2412 870 2460 boc
888 2426 992 2475 quoqne
1009 2410 1179 2461 dubitamus?
1203 2409 1278 2462 ludes

201 2478 246 2527 der
263 2475 336 2528 Plan.
763 2478 828 2529 wind
846 2477 913 2528 doeb
926 2479 1093 2530 unmittelbar
1111 2476 1201 2530 daraul
1213 2477 1277 2543 jede

235 2547 259 2596 4.
276 2547 448 2612 primumque
465 2552 516 2600 cet.
552 2547 613 2598 bern
633 2545 712 2599 Sinne
763 2544 933 2611 Migliehlreit
951 2546 1022 2598 eines
1034 2545 1155 2598 Zweilels
1173 2546 1211 2596 als
1232 2562 1276 2598 un·

201 2613 266 2665 nacb
279 2612 356 2665 sollte
368 2613 409 2666 die
421 2613 642 2681 Sotzverbinduog
654 2615 711 2667 eine
764 2613 884 2666 statthalt
902 2614 1109 2680 neebgewiesen.

201 2680 461 2735 subordiniertesein:
468 2687 713 2750 primamqne‚cnan
800 2684 839 2736 13.
858 2685 887 2733 in
900 2683 987 2733 medio
999 2683 1099 2734 mundo
1110 2685 1198 2745 eitam,
1211 2696 1277 2746 ganz

202 2751 233 2800 de
251 2752 404 2801 animorum
422 2756 509 2804 aetate
520 2755 632 2803 sentiret
643 2753 714 2802 idem
764 2766 809 2813 so,
835 2750 884 2802 wie
902 2765 931 2801 es
950 2751 991 2801 bei
1010 2749 1085 2802 Plato
1104 2750 1179 2802 beilst
1197 2748 1276 2800 Phid.

201 2819 274 2882 qnod
284 2820 464 2884 Pythagoraa,
481 2823 614 2872 radonem
633 2824 714 2870 etiam
765 2817 887 2886 proeli:
906 2821 959 2888 (γῆ)
972 2822 1089 2884 ἐνμέσῳ
1109 2819 1150 2882 τῷ
1167 2816 1279 2886 odpovq‘

202 2885 330 2937 attulisse.
366 2885 438 2940 Nach
461 2888 505 2939 der
528 2893 613 2940 ersten
637 2888 714 2940 Reise
765 2889 912 2955 περιφερής
930 2887 1006 2937 odon.

202 2953 267 3004 nach
276 2953 424 3018 ltalieniom
434 2957 494 3020 3111)
503 2955 553 3007 soll
563 2957 637 3008 Plato
647 2958 713 3008 noeb
801 2957 840 3007 tt
857 2955 1112 3021 ‹ad-complerem,
1125 2951 1278 3004 1111111111-
1358 2963 1360 2968 ·

202 3021 320 3071 zweimal
339 3021 414 3073 dobin
434 3022 587 3088 gekommen
606 3025 670 3076 sein.
766 3022 805 3073 nis
823 3038 855 3073 zu
875 3023 933 3073 dem
951 3021 1083 3088 Umtange.
1111 3018 1278 3085 Vgl.Cic.de

237 3091 260 3139 6.
286 3091 341 3138 nisi
363 3091 430 3155 qnid
459 3092 541 3157 dicia,
576 3107 651 3144 wenn
680 3091 714 3143 du
766 3093 830 3142 orat.
841 3090 870 3144 ll.
881 3093 905 3155 6,
913 3092 958 3149 25;
978 3094 1065 3141 vinem
1076 3105 1130 3140 non
1142 3088 1278 3138 inlittera-

203 3156 714 3226 11111111111111111111113111,(1111111-
766 3163 831 3222 tum,
849 3159 896 3209 sed
911 3160 983 3209 nibil
999 3158 1036 3209 od
1051 3159 1179 3210 Persium.

203 3225 345 3276 cuwenden
364 3225 430 3278 best.
802 3229 841 3279 16.
860 3243 1012 3293 corporum,
1031 3242 1051 3279 s.
1069 3243 1091 3278 z.
1110 3229 1151 3290 10,
1167 3225 1209 3276 22.

240 3294 278 3346 10.
298 3309 528 3348 emmennone:
542 3294 714 3360 Darstellnog.
802 3297 842 3347 11.
865 3299 997 3346 momenta
1020 3295 1075 3347 hier
1094 3289 1280 3360 ’8111131131-

238 3377 298 3412 cum
313 3364 381 3428 istie,
392 3365 440 3414 mit
452 3363 543 3428 denen,
556 3363 597 3415 die
610 3360 715 3414 (1111111-
768 3369 880 3428 gestatae,
900 3357 1079 3429 llicbtnngen’.

203 3429 380 3482 sterblicbkeit
391 3431 511 3496 langueo.
800 3431 900 3484 amida.
928 3430 963 3482 So
976 3431 1011 3482 ist
1028 3430 1096 3482 nach
1106 3430 1156 3483 den
1169 3430 1278 3481 1111111111

239 3501 279 3552 11.
298 3502 407 3550 uirtute:
422 3497 714 3565 trefflicbeGesinnung.
766 3496 963 3551 llaodscbrilten
982 3515 1014 3549 zu
1026 3499 1161 3551 schreiben
1178 3497 1219 3548 fur
1230 3499 1280 3547 bae·

236 3583 291 3616 nen
308 3569 411 3618 inuitus
428 3569 578 3618 erraverim
600 3566 649 3619 soll
667 3582 715 3618 nur
763 3566 848 3631 mida,
867 3567 1280 3634 11111111111111111111111111-

204 3631 255 3685 Cic.
270 3633 351 3685 bobes
364 3635 491 3688 Zutrauen
510 3650 542 3686 zu
554 3635 642 3687 Platos
654 3635 714 3686 lliu—
765 3651 862 3686 memes.

203 3700 715 3770 111111111111111111.1112149111
800 3709 869 3754 natu
901 3701 1084 3754 Schwerkralt.
1129 3699 1280 3753 11111111.

203 3769 272 3816 enaim
290 3774 339 3820 cet.
359 3785 383 3821 u.
402 3771 433 3822 de
452 3772 520 3824 deor.
533 3786 573 3824 n.:
591 3771 713 3835 ll.1?‚3?‚
765 3774 807 3832 ts,
828 3773 875 3824 178
898 3770 961 3822 wird
980 3786 1032 3822 von
1050 3771 1095 3824 der
1114 3769 1179 3820 Erde
1197 3767 1281 3820 selbst

202 3849 245 3884 wo
264 3850 291 3886 er
308 3840 386 3900 qenai
398 3841 508 3904 quidam
521 3841 585 3890 doen
593 3841 714 3906 pbiloso-
765 3840 806 3890 ein
825 3838 957 3891 ibnlieher
968 3837 1104 3891 Ausdruok
1124 3837 1278 3903 gebraucbt:

200 3905 316 3968 piorum
334 3914 446 3970 genennt
465 3905 536 3960 wird.
765 3907 963 3958 Incolumitatis
984 3922 1017 3958 ac
1038 3907 1135 3958 salutis
1159 3907 1280 3956 emnium
