2804 4474
515 247 609 302 LIBER
626 249 665 304 111.
685 252 725 316 34,
736 251 777 304 84.
1139 249 1180 308 53

108 418 171 492 erit,
195 419 321 499 singulis
335 421 594 502 disputationibus.
629 422 771 502 Superest
786 421 867 482 enim
885 419 1053 496 nobishoc,
1070 423 1182 485 cuicui-

107 503 186 565 modi
202 511 256 576 est,
274 504 376 567 otium.

192 589 251 650 Sed
263 590 337 653 ratio
349 609 408 652 una
421 591 553 653 omnium
568 599 612 654 est
623 590 850 668 aegritudinum,
859 591 945 671 plura
958 592 1087 654 nomine.
1109 593 1181 654 Nam

106 680 136 734 et
158 674 292 736 inridere
313 676 506 754 aegritudinis
521 683 610 738 estet
625 675 765 737 aemulari
782 684 812 736 et
826 676 990 738 obtrectare
1006 688 1036 738 et
1049 678 1182 740 misereri

67 769 81 818 5
104 767 133 820 et
142 759 223 838 angi,
232 759 344 839 lugere,
357 779 497 836 maerere,
509 779 650 822 aerumna
665 760 759 834 adfici,
774 760 940 835 lamentari,
953 761 1113 837 sollicitari,
1128 763 1183 824 do·

107 843 179 922 lere,
195 844 228 906 in
241 845 373 907 molestia
390 865 463 921 esse,
479 845 629 921 adflictari,
644 846 810 926 desperare.
833 846 913 908 Haec
929 847 1027 908 omnia
1039 849 1185 910 definiunt
1205 856 1236 908 84

107 927 217 1002 Stoici,
240 947 333 1009 eaque
349 930 445 1005 verba,
459 949 535 1011 quae
549 931 626 1005 dixi,
640 931 824 1011 singularum
839 949 939 992 rerum
955 943 1042 1007 sunt,
1059 952 1135 1007 non,
1152 941 1185 994 ut

104 1014 259 1088 ridentur,
275 1016 392 1077 easdem
407 1035 455 1078 res
469 1016 653 1096 significant,
668 1017 719 1077 scd
734 1016 844 1095 aliquid
859 1016 1009 1090 differunt,
1025 1017 1104 1096 quod
1126 1019 1183 1080 alio

106 1099 175 1160 loco
191 1101 315 1162 fortasse
336 1101 536 1163 tractabimus.
573 1101 653 1162 Haec
668 1109 739 1163 sunt
758 1101 825 1163 iliae
839 1101 931 1162 iihree
945 1101 1091 1182 stirpium,
1114 1121 1186 1183 quas

57 1193 86 1244 10
106 1184 193 1282 initio
210 1184 284 1282 diri,
306 1186 530 1266 persequendae
546 1194 576 1247 et
597 1204 700 1248 omnes
723 1185 890 1267 eligendae,
913 1205 951 1248 ne
972 1205 1109 1266 umquam
1126 1189 1186 1250 ulia

106 1277 203 1348 posslt
218 1277 368 1332 exsistere.

194 1354 336 1434 Magnum
352 1374 427 1436 opus
442 1364 472 1416 et
486 1355 620 1430 difficile,
637 1355 703 1434 quis
719 1352 830 1434 neget?
852 1354 923 1434 quid
939 1364 1038 1418 eutem
1053 1357 1185 1436 praecla-

106 1457 176 1500 rum
193 1456 255 1500 non
271 1440 348 1502 idem
363 1438 510 1502 arduum?
539 1440 590 1502 sed
602 1449 700 1502 umen
716 1440 745 1501 id
760 1459 792 1502 se
808 1440 979 1502 effecturam
999 1441 1185 1522 philosophia

107 1523 282 1603 profitetur,
304 1544 360 1588 nos
375 1526 463 1587 modo
486 1525 670 1587 curationem
691 1525 754 1587 eius
774 1525 959 1604 recipiamus.
989 1525 1098 1588 Verum
1113 1526 1186 1589 haec

57 1618 84 1669 15
107 1608 228 1687 quidem
243 1610 403 1686 hactenus;
430 1619 526 1672 cetera
542 1611 808 1690 quotienscumque
829 1610 932 1672 voletis
947 1619 977 1672 et
996 1612 1055 1674 hoc
1074 1612 1140 1674 loco
1156 1621 1187 1674 et

107 1693 173 1756 aliis
186 1703 288 1774 parata
302 1695 385 1758 vohis
401 1704 497 1757 erunt.

108 1843 255 1896 entlehuter
273 1845 423 1909 Ausdruch,
445 1846 498 1912 vgl.
522 1846 554 1898 de
571 1845 622 1898 div.
679 1844 985 1910 1842i11udadeente'or3
1000 1848 1096 1910 19,70=
1114 1849 1188 1913 quod

107 1911 137 1967 11.
151 1913 191 1976 ’11,
206 1915 268 1964 149:
286 1917 318 1963 et
331 1913 428 1979 religio
443 1915 622 1980 propaganda
675 1928 806 1978 arguare;
830 1914 871 1978 29,
892 1917 949 1967 117:
978 1914 1046 1979 quid
1059 1919 1185 1981 praestet.

108 1982 191 2032 etium
203 1983 257 2032 ert.
268 2019 283 2044 .,
302 1983 341 2032 sic
348 1985 550 2047 superstitionis
561 1985 623 2032 atir-
674 2008 707 2019 —
727 1980 790 2032 Atio
810 1982 881 2033 loco:
898 1987 978 2034 unten
989 1981 1030 2034 lv.
1043 1999 1065 2036 c.
1076 1985 1100 2036 8.

107 2065 156 2114 per
167 2063 258 2099 omnes
271 2049 417 2114 eligendae.
444 2050 543 2102 Anders
556 2051 622 2102 oben
708 2050 733 2102 9.
750 2049 830 2115 Haeo,
848 2064 869 2101 s.
887 2065 919 2101 zu
933 2050 950 2102 1.
964 2053 1004 2116 11,
1017 2052 1058 2103 22.

109 2115 139 2168 11.
158 2118 199 2182 11,
217 2119 250 2170 27
257 2136 264 2168 :
283 2118 393 2171 elidunt.
703 2132 770 2182 quaa
781 2121 861 2169 initio
873 2118 944 2170 diet:
958 2133 980 2170 c.
993 2120 1073 2183 6,13;
1087 2119 1186 2186 elehen-

146 2188 170 2238 1.
194 2186 245 2236 doe
258 2213 292 2224 -
305 2189 388 2237 otium
402 2177 455 2238 ‘die
472 2185 556 2238 Mutse
579 2186 623 2238 de·
673 2185 732 2250 dae,
750 2199 770 2238 s.
788 2200 820 2237 zu
839 2187 855 2252 ξ
870 2188 911 2240 83.

110 2243 197 2314 zu’3s.
207 2251 225 2306 l.
237 2256 278 2318 19,
287 2256 319 2306 45
328 2269 359 2304 eu
367 2256 432 2306 leaeo
436 2255 622 2322 pulchritudo.
710 2256 750 2306 12.
766 2255 1114 2320 praectarum-arduum.
1150 2253 1186 2308 So

141 2322 368 2385 ouieaee'mode'(aus
380 2321 437 2373 dem
447 2323 621 2387 ungehriuch-
674 2319 710 2372 ist
722 2322 763 2373 ein
781 2322 876 2388 griech.
890 2321 1063 2390 Spriehwort:
1081 2319 1187 2388 χαλεπὰ

112 2388 197 2440 lichen
221 2389 449 2441 enimcuiurmode'
471 2389 550 2441 durch
571 2391 622 2442 hh
673 2385 710 2440 τὰ
727 2386 805 2442 καλά.

112 2456 230 2524 huraung
251 2457 415 2518 entetenden)
433 2463 483 2508 eet:
504 2449 567 2510 ‘wie
585 2463 622 2510 ste
710 2460 751 2510 14.
777 2459 876 2510 Verum
893 2459 958 2508 haec
975 2458 1081 2524 quidem
1099 2461 1187 2510 hecte-

113 2524 178 2576 auch
203 2529 276 2578 sonet
299 2524 446 2578 bescheffen
469 2526 524 2578 sein
542 2517 623 2592 meg',
673 2541 734 2590 nus,
751 2526 813 2578 oder
824 2526 878 2578 Sed
894 2527 958 2576 haec
975 2527 1081 2590 quidem
1099 2529 1186 2577 hacte-

113 2592 137 2644 d.
151 2593 177 2644 h.
197 2609 226 2646 so
239 2594 423 2646 uncrwunscht
437 2595 475 2646 sie
492 2594 540 2645 mir
558 2593 623 2645 anch
674 2609 726 2642 nus
749 2592 790 2655 (de
809 2592 852 2645 off.
869 2591 887 2643 1.
907 2595 947 2657 16,
966 2596 1010 2657 91)
1033 2593 1095 2645 oder
1117 2594 1186 2646 blois

113 2677 144 2712 en
164 2661 220 2713 sich
237 2665 278 2713 ist.
314 2661 372 2727 Vgi.
385 2660 416 2713 V.
428 2663 537 2728 41,121.
675 2660 730 2712 Sed
740 2661 804 2710 daec
814 2662 942 2711 hactenus
952 2661 998 2723 (ib.
1008 2662 1049 2724 39,
1061 2663 1127 2725 140),
1144 2660 1186 2712 die

148 2730 173 2780 3.
190 2733 263 2780 ratio
276 2721 405 2782 ‘Wesen'.
676 2727 924 2780 einiechsteFormel
933 2726 977 2778 der
986 2732 1129 2793 revocatio,
1139 2729 1186 2779 mit

147 2800 172 2850 4.
191 2797 370 2864 aegritudinis
388 2803 438 2848 ert:
457 2797 491 2847 ist
510 2796 566 2847 eine
581 2795 625 2846 Er·
676 2795 788 2847 welcher
799 2796 856 2846 eine
865 2795 970 2861 lingere
978 2793 1129 2861 Exposition
1142 2796 1186 2847 ch·

114 2865 258 2932 scheinnng
274 2865 314 2917 od.
325 2865 471 2931 hurserung
480 2863 525 2916 der
537 2866 625 2929 aegre·-
676 2863 821 2928 gebrechen
828 2861 902 2928 wire,
910 2877 953 2914 um
963 2878 994 2914 zu
1002 2869 1083 2914 etwas
1089 2861 1186 2915 Neuem

112 2933 185 2985 tudo.
675 2930 864 2997 tiberzugehen.
878 2929 1030 2982 Griech.aal
1038 2930 1128 2982 ταῦτα
1135 2933 1187 2997 μὲν

147 3002 171 3054 8.
190 3001 454 3067 aliquidde'fferunt,
471 2999 523 3052 wie
541 2999 624 3051 deor.
675 2997 790 3050 τοιαῦτα
814 2998 876 3050 oder
901 3000 947 3048 uui
970 2999 1058 3051 ταῦτα
1078 3000 1130 3066 μὲν
1153 2995 1188 3064 δὴ

110 3069 129 3121 1.
149 3072 172 3136 9,
186 3071 232 3122 35:
254 3068 346 3120 Cetera
364 3066 625 3134 adsentiendum,
675 3066 771 3118 ταῦτα.
