2790 4476
547 979 663 1042 LIBER
685 979 891 1043 SECUNDUS.

510 1114 552 1165 llll
569 1113 766 1167 TotuRAlluo
784 1112 921 1167 llOLORE.

143 1361 160 1412 1
265 1356 477 1437 Neoptolemus
504 1355 624 1435 quidem
651 1357 729 1436 apud
752 1355 885 1418 Ennium
910 1353 1110 1436 pbilosoplcoei
1135 1354 1192 1416 sibi
1220 1355 1261 1414 ait

143 1451 156 1499 1
178 1460 289 1503 necessa
304 1461 369 1510 esse,
392 1442 441 1503 sed
458 1446 577 1522 paucis3
599 1460 669 1503 nom
684 1445 803 1503 omnino
825 1441 905 1503 baud
916 1440 1038 1521 placere.
1068 1439 1134 1520 Ego
1149 1449 1259 1510 autem,

179 1527 280 1599 brute,
297 1545 419 1588 necesse
433 1527 506 1588 mihi
518 1527 635 1605 quidem
649 1545 713 1588 esse
725 1525 856 1587 arbitror
870 1525 1089 1606 philosophari;
1105 1544 1172 1586 nam
1187 1525 1259 1604 quid

179 1630 310 1692 possum,
334 1613 509 1691 pracsertim
525 1612 600 1672 nibil
614 1630 715 1691 agens,
738 1630 827 1692 agere
849 1608 977 1672 melius‘l
999 1610 1051 1672 sed
1067 1630 1128 1672 non
1144 1611 1260 1690 paucis,

179 1708 213 1759 ut
227 1697 285 1759 ille.
321 1696 446 1758 Difficile
462 1697 597 1759 estcnim
613 1698 644 1758 in
664 1696 850 1777 philosophia
871 1715 963 1776 pauca
983 1715 1048 1758 esse
1063 1695 1091 1758 ei
1107 1704 1188 1770 nota,
1210 1696 1260 1757 cui
1286 1705 1302 1754 5

180 1801 242 1844 non
258 1783 319 1844 sint
340 1791 391 1844 aut
413 1783 554 1864 pleraque
576 1791 628 1844 aut
642 1782 751 1844 omnia.
783 1782 856 1843 Nam
872 1800 928 1842 nec
943 1799 1037 1860 pauca
1053 1782 1110 1842 nisi
1125 1800 1143 1841 e
1156 1781 1261 1843 multis

180 1868 247 1948 eligi
263 1877 390 1948 possunt
405 1887 470 1943 nec,
487 1869 538 1948 qui
549 1887 643 1948 pauca
659 1867 836 1948 perceperit,
853 1885 915 1928 non
931 1867 1008 1927 idem
1024 1866 1137 1945 reliqua
1154 1867 1261 1928 eodem

141 1965 155 2014 2
178 1954 276 2015 studio
291 1962 497 2034 persequetur.
528 1953 586 2016 Sed
607 1961 706 2015 tamen
728 1953 760 2013 in
775 1952 834 2013 vita
856 1959 998 2031 occupata
1015 1961 1114 2031 atque,
1133 1961 1167 2013 ut
1180 1952 1261 2014 Neo·

180 2040 302 2119 ptolemi
317 2048 381 2101 tum
397 2047 468 2110 crat,
492 2039 611 2100 militari
630 2056 724 2117 pauca
739 2040 802 2118 ipsa
824 2038 950 2099 multum
972 2055 1061 2116 saepe
1080 2049 1209 2116 prosunt
1230 2046 1263 2098 et

181 2125 285 2185 ferunt
305 2126 433 2198 fructus,
455 2124 480 2184 si
504 2142 564 2185 non
587 2131 701 2199 tantos,
731 2123 834 2202 quanti
853 2141 889 2183 ex
911 2123 1048 2184 universa
1073 2122 1263 2202 philosophia
1289 2131 1320 2179 10

181 2209 295 2289 percipi
311 2216 447 2289 possunt,
464 2219 564 2268 tamen
580 2227 640 2281 eos,
658 2206 766 2287 quibus
781 2208 878 2287 aliqua
895 2227 930 2271 ex
945 2216 1029 2288 parte
1044 2207 1194 2269 interdum
1210 2215 1264 2268 aut

180 2293 342 2373 cupiditate
357 2301 408 2354 aul
419 2293 605 2372 aegritudine
619 2303 671 2354 aut
681 2302 762 2355 metu
775 2293 952 2370 liberemur3
966 2293 1046 2353 velut
1061 2311 1098 2354 ex
1112 2311 1146 2354 ea
1156 2292 1262 2372 dispu-

180 2379 303 2452 tatione,
325 2396 402 2457 quae
422 2378 494 2438 mihi
514 2397 612 2458 nuper
626 2379 726 2440 habita
741 2387 786 2441 est
809 2379 840 2439 in
857 2378 1037 2451 Tusculano,
1056 2396 1163 2458 magna
1180 2379 1263 2440 vide-

181 2462 269 2524 batur
291 2464 395 2526 mortis
418 2464 522 2526 ellecta
545 2465 742 2544 contemptio,
765 2482 840 2543 quae
863 2482 924 2525 non
948 2464 1104 2524 minimum
1126 2465 1202 2524 valet
1225 2466 1261 2524 ad

181 2549 313 2610 animum
328 2557 409 2610 metu
430 2549 627 2611 liberandum.
657 2549 730 2610 Nanr
747 2548 852 2628 quiid,
876 2549 958 2627 quod
973 2548 1057 2610 vitari
1073 2568 1135 2609 non
1152 2557 1263 2629 potest,
1289 2559 1322 2608 15

181 2634 295 2710 metuit,
318 2635 343 2697 is
358 2635 455 2696 vivere
471 2635 571 2696 animo
587 2635 687 2715 quieto
704 2635 787 2696 nullo
803 2634 891 2696 modo
907 2641 1019 2715 potest;
1041 2632 1093 2695 sed
1115 2635 1176 2713 qui,
1199 2654 1263 2696 non

218 2788 240 2839 1.
258 2783 449 2852 Neoptolemus
470 2785 545 2853 aqud
563 2787 698 2838 Ennium:
750 2781 863 2838 δέοντος
901 2779 1082 2852 obsaeptam,
1118 2779 1267 2855 διαφθορὰ

181 2853 208 2904 in
235 2853 305 2906 einer
327 2855 479 2907 verlorenen
502 2853 629 2920 Tragbdie
652 2855 698 2907 des
750 2861 809 2906 τῶν
826 2851 1002 2971 antipatrem.

181 2921 287 2974 Ennius.
315 2921 387 2975 Nacb
405 2921 522 2974 Ribbeck
539 2923 637 2976 lautete
655 2923 697 2974 dio
783 2925 807 2975 4.
821 2922 882 2972 nili
904 2935 996 2986 ogone,
1009 2920 1205 2985 agnomento,
1222 2921 1265 2972 ein

181 2987 263 3040 Stella
281 3003 323 3041 so:
749 2987 911 3057 δξύμωροικ,
937 2989 987 3041 wie
1013 2989 1045 3040 (le
1072 2987 1214 3052 off.111.1,
1235 2992 1265 3041 1:

216 3054 406 3138 Pleilosopbart
416 3057 532 3109 eramiae
543 3063 699 3122 neceam-at
748 3073 894 3125 numquam
916 3073 945 3107 re
965 3059 1055 3108 minus
1078 3059 1192 3108 otiorum
1210 3072 1267 3138 erfo

212 3127 699 3257 twatt’lt'ztttltttttl
749 3141 909 3260 stall
921 3128 1030 3246 allata
1053 3123 1267 3258 illlata

217 3260 446 3326 ingurgitationem
464 3259 564 3314 censeo.
749 3262 910 3328 beteiligung
933 3277 973 3317 am
997 3261 1152 3329 politischen
1169 3261 1267 3314 Leben.

218 3331 241 3382 2.
259 3345 364 3394 necasse
381 3327 527 3384 Bedlulnis,
750 3329 809 3396 vgl.
826 3329 846 3384 l.
867 3333 890 3395 l,
910 3335 932 3383 l.

219 3395 275 3449 Wie
290 3401 388 3464 paucis
409 3413 442 3451 zu
460 3397 610 3462 verstehen,
631 3397 699 3450 lehrt
785 3401 809 3452 8.
821 3403 854 3450 ut
864 3437 872 3453 .
882 3435 889 3450 .
900 3434 907 3450 .
917 3400 985 3461 orat,
998 3412 1051 3463 erg.
1065 3399 1201 3463 militar-is,
1214 3397 1268 3449 wie

183 3463 228 3517 der
251 3465 396 3534 Geqensatz
423 3469 532 3518 omnino
556 3466 613 3532 (mit
639 3465 698 3518 dem
749 3466 768 3520 1.
786 3470 829 3533 45,
844 3470 905 3521 109:
923 3471 955 3517 ut
973 3470 1028 3517 ort.
1039 3507 1045 3521 .
1056 3468 1187 3517 mortona.

184 3547 282 3598 ganzen
301 3535 393 3587 Gebiet
411 3533 455 3587 der
470 3533 571 3600 ,Philon
593 3532 648 3586 sich
666 3549 698 3586 zu
786 3538 811 3588 9.
828 3539 897 3601 ipsa,
909 3549 930 3587 s.
943 3550 966 3587 z.
979 3532 996 3589 l.
1009 3535 1051 3600 21,
1061 3537 1105 3588 lc:
1126 3538 1185 3601 ipra
1202 3549 1269 3585 auo-

183 3600 379 3669 heeohtbigen).
403 3632 436 3641 -
463 3601 591 3669 Ubrigens
618 3601 697 3668 vergl.
750 3606 868 3655 tentate.

183 3668 308 3722 llallilrles
334 3671 360 3722 in
384 3671 451 3724 Plat.
470 3670 546 3737 Gorg.
568 3687 593 3738 p.
613 3673 697 3723 4840:
786 3674 825 3724 10.
845 3687 879 3722 ec
900 3671 1029 3721 unicam
1048 3671 1149 3739 pbilos.
1162 3693 1197 3714 -
1212 3685 1270 3720 om-

187 3734 341 3808 Φιλοσοφία
364 3743 416 3809 γάρ
441 3744 488 3790 col
513 3745 572 3791 ἐστι
597 3743 698 3807 χαρίεν,
750 3743 816 3792 nino
834 3756 869 3790 ec*
882 3737 981 3804 philos.

186 3807 221 3858 ἄν
240 3823 281 3858 τις
298 3809 385 3859 αὐτοῦ
403 3812 523 3877 μετρίως
545 3810 652 3875 ἅψηται
670 3811 701 3859 ἐν
788 3810 828 3860 13.
844 3808 913 3858 mibi
935 3807 1027 3857 babilo
1045 3809 1091 3858 ael.
1125 3803 1175 3857 Der
1191 3803 1271 3856 Datin

187 3883 222 3942 τῇ
237 3871 336 3942 ἡλικίᾳ·
359 3877 408 3928 ἐὰν
427 3872 459 3927 δέ
479 3881 632 3946 περαιτέρω
651 3882 702 3927 τοῦ
752 3876 841 3929 behilt
863 3874 927 3928 auch
950 3873 1005 3926 hier
1029 3874 1100 3926 seiae
1127 3876 1268 3941 ursprr'rng·
