2804 4474
483 235 854 304 mmmmmmm
1164 237 1203 298 m

111 404 201 466 virili
224 414 352 467 utuntur
373 407 488 468 ratione
511 417 599 487 atque
621 409 778 470 sententia.
807 407 881 470 Nam
900 407 1097 490 Peripatetici,
1119 410 1204 471 sami-

111 489 215 552 liares
230 491 337 566 nostri,
360 491 470 570 quibus
485 493 557 553 nibil
573 503 618 555 est
632 493 763 568 uberius,
787 493 861 554 nibil
875 493 1027 567 eruditius,
1051 493 1123 554 nibil
1138 513 1203 573 gra·
1257 564 1262 574 ,

7 636 9 641 ,
112 574 201 649 vius,
217 575 435 638 mediocritates
450 576 495 638 vel
510 577 769 657 perturbationum
783 579 829 639 vol
843 578 1016 640 morborum
1027 578 1117 640 animi
1133 581 1203 641 mibi

7 675 12 713 3
113 679 186 720 non
205 679 277 722 sane
291 661 430 739 probant.
467 663 563 724 Omne
579 663 658 724 enim
677 663 795 736 malum,
819 664 905 724 etiam
921 663 1079 736 mediocre,
1094 665 1203 726 malum

8 752 11 773 ¹
71 755 88 802 a
114 753 188 819 cst;
212 765 268 806 nos
287 755 385 807 autem
402 746 429 807 id
446 747 569 826 agimus,
593 758 626 808 ut
640 747 668 808 id
688 748 719 809 in
735 748 867 827 sapiente
883 749 997 809 nulium
1017 749 1055 810 sit
1070 750 1204 811 omnino.

9 832 14 907 ‘j
115 829 202 890 Nam
218 841 252 891 ut
266 849 385 910 corpus,
402 832 487 892 etiam
504 833 528 894 si
544 833 733 894 mediocriter
747 850 867 910 aegrum
883 841 937 908 est,
953 853 1056 895 sanum
1073 853 1134 894 non
1150 844 1204 908 est,

13 986 15 991 Ι
116 913 168 974 sic
194 915 225 975 in
249 915 349 976 animo
372 916 425 977 ista
447 917 634 978 mediocritas
656 927 737 978 caret
758 917 891 978 sanitate.
930 918 1032 998 ltaque
1055 921 1206 1001 praeclare

118 1000 235 1073 nostri,
251 1009 284 1060 ut
299 1000 353 1062 alia
369 1002 468 1075 multa,
484 1002 657 1076 molestiam,
673 1002 910 1076 sollicitudinem,
925 1021 1067 1082 angorem
1083 1015 1206 1086 propter

12 1090 14 1113 1
117 1084 351 1146 similitudinem
367 1104 527 1166 corporum
551 1104 706 1166 aegrorum
730 1087 943 1166 aegritudinem
968 1089 1204 1151 nominaverunt.

14 1202 17 1255 3
61 1176 93 1227 to
118 1169 195 1246 Hoc
210 1188 304 1249 prope
327 1170 447 1232 modum
469 1172 561 1234 verbo
577 1171 680 1232 Graeci
697 1189 815 1233 omnem
837 1172 927 1232 animi
949 1173 1205 1251 perturbationem
1226 1182 1257 1234 23

14 1268 16 1321 5
121 1255 296 1334 appeliaot3
319 1264 425 1317 vocant
436 1256 514 1318 enim
532 1253 666 1334 πάθος,
685 1256 713 1319 id
730 1265 775 1319 est
788 1255 943 1330 morbum,
966 1257 1146 1337 quicumque
1162 1268 1207 1321 est

14 1340 18 1421 't
121 1349 230 1401 motus
244 1339 274 1400 in
294 1340 394 1402 animo
409 1341 553 1403 turbidus.
592 1342 652 1403 Nos
667 1342 785 1418 melius;
809 1341 905 1420 aegris
927 1341 1006 1402 enim
1029 1344 1206 1422 corporibus

13 1426 17 1489 i
123 1424 278 1485 simillima
300 1424 390 1486 animi
411 1433 456 1487 est
476 1426 645 1506 aegritudo;
675 1437 705 1488 at
727 1446 787 1488 non
807 1426 909 1487 similis
930 1427 1141 1504 aegrotationis
1162 1437 1207 1488 est

123 1508 239 1583 libido,
262 1528 323 1570 non
341 1510 532 1572 immoderata
547 1512 664 1587 laetitia,
681 1530 757 1590 quae
773 1521 818 1572 est
832 1511 966 1591 voluptas
981 1512 1072 1573 animi
1088 1512 1161 1572 elata
1176 1521 1206 1572 et

69 1601 100 1652 15
125 1593 269 1672 gestiens.
314 1595 380 1673 lpse
402 1596 488 1656 etiam
511 1604 607 1657 metus
630 1616 691 1657 non
720 1606 764 1658 est
790 1595 887 1658 morbi
914 1595 1070 1669 admodum
1094 1596 1205 1670 similis,

15 1690 20 1761 1
127 1697 311 1758 quamquam
327 1680 504 1758 aegritudini
524 1691 570 1742 est
587 1681 746 1754 finitimus,
769 1680 820 1742 sed
836 1681 973 1761 proprie,
996 1690 1029 1742 ut
1042 1683 1205 1762 aegrotatio

17 1764 21 1813 ²>
127 1765 161 1826 in
179 1782 323 1842 corpore,
342 1764 386 1825 sio
400 1765 552 1844 aegritudo
568 1766 598 1826 in
615 1765 714 1826 auimo
730 1783 839 1827 nornen
856 1767 942 1826 babet
960 1783 1021 1826 aon
1037 1768 1205 1828 seiunctum
1311 1845 1313 1848 Ι

21 1882 24 1931 3
128 1867 146 1907 a
162 1848 277 1909 dolore.
307 1849 424 1910 Doloris
439 1851 527 1911 huius
541 1850 632 1928 igitur
647 1851 730 1928 origo
746 1850 834 1911 nobis
849 1850 1021 1928 explicanda
1037 1859 1090 1924 est,
1113 1851 1141 1912 id
1161 1859 1207 1913 est

130 1951 220 1994 causa
237 1933 371 1995 efficiens
393 1934 607 2012 aegritudinem
630 1935 659 1996 in
684 1935 783 1996 animo
805 1945 953 2014 tamquam
973 1937 1205 2013 aegrotationem

75 2023 107 2073 tu
130 2018 162 2080 in
180 2036 316 2097 corpore.
343 2019 414 2079 Nam
430 2027 463 2080 ut
479 2020 583 2080 medici
596 2038 681 2081 causa
697 2020 793 2081 morbi
808 2020 926 2080 inventa
942 2019 1125 2081 curationem
1141 2039 1205 2082 esse

27 2160 29 2173 ,
131 2104 283 2166 iuventam
298 2111 414 2181 putant,
432 2104 475 2164 sic
491 2124 546 2166 nos
561 2123 649 2166 causa
671 2104 863 2184 aegritudinis
877 2113 994 2186 reperta
1010 2105 1146 2166 medendi
1161 2107 1204 2166 ia·

27 2206 30 2215 ·
132 2188 272 2249 cultatem
288 2188 479 2266 reperiemus.
871 2185 873 2189 ’

31 2336 32 2339 ¹
220 2271 273 2332 Est
287 2273 377 2350 igitur
393 2291 481 2334 causa
497 2274 594 2334 omnis
609 2274 639 2334 iu
658 2273 844 2354 opinione
860 2292 916 2334 nec
930 2293 999 2335 vero
1015 2275 1207 2354 aegritudinis
1223 2239 1259 2368 ἒξ

32 2362 37 2409 1
134 2356 240 2432 solum,
256 2357 307 2417 sed
324 2357 411 2417 ctiam
424 2359 604 2436 reliquarum
618 2359 751 2420 omnium
764 2358 1031 2438 perturbationum,
1048 2379 1122 2440 quae
1137 2370 1207 2420 suot

33 2454 36 2475 1
77 2448 109 2498 25
133 2459 244 2519 genere
260 2450 417 2520 quattuor,
440 2443 575 2521 partibus
590 2443 700 2522 piures.
738 2444 809 2504 Nam
826 2462 893 2504 cum
910 2445 1007 2506 omnis
1021 2445 1207 2524 perturbatio

169 2611 192 2659 1.
210 2605 476 2674 fontemmortuum,
498 2610 550 2661 wie
567 2609 585 2662 Ι.
603 2611 645 2674 32,
696 2625 756 2660 cam
776 2609 889 2661 Graecia
909 2617 973 2662 sant
990 2609 1162 2671 conferenda.

42 2722 44 2747 :
134 2677 166 2728 '18
194 2675 236 2726 die
260 2674 363 2727 Stoiirer
386 2681 469 2728 amici
491 2680 579 2728 nostra·
602 2693 645 2743 ge·
733 2680 773 2730 14.
795 2679 866 2728 elata
885 2682 911 2726 et
930 2681 1049 2740 gestiam
1062 2671 1132 2729 ‘eine
1150 2693 1208 2730 ans·

46 2778 49 2807 ,
133 2747 215 2796 nannt
232 2743 344 2796 werden.
696 2744 831 2810 gelassene
847 2745 899 2796 und
912 2744 1132 2796 leideascbaitiieb
1151 2745 1207 2796 sich

44 2824 46 2829 '
168 2812 479 2878 2.ηἰ1η·1,111111.2,51
696 2811 857 2878 gebardende
881 2811 943 2862 Lust
969 2811 1014 2862 der
1032 2804 1129 2874 Seeie’;
1154 2813 1206 2877 agi.

169 2881 194 2932 3.
203 2879 403 2931 mediocritates
407 2883 646 2946 perturbationem
698 2883 738 2944 11,
757 2881 790 2932 24
808 2878 859 2930 und
876 2877 918 2929 lv,
937 2881 961 2942 6,
982 2881 1020 2931 12.

37 2946 42 2967 ³
133 2940 297 3013 ‘gemiisigte
319 2941 549 3010 beidenscbaitea’‚
576 2963 598 2999 s.
622 2951 645 3013 5,
734 2951 772 2999 tt.
797 2962 893 2997 nomen
918 2947 995 2998 laudet
1017 2975 1051 2986 -
1077 2965 1094 2998 a
1116 2948 1209 2999 dolore

43 3076 51 3081 μ
136 3017 176 3066 11.
191 3013 251 3081 Vgi.
270 3017 318 3082 31,Ι
331 3019 376 3074 ’14;
394 3015 474 3070 Acad.
486 3015 516 3066 11.
528 3019 570 3080 44,
585 3017 645 3068 135:
685 3007 741 3066 fist
753 3015 811 3065 eine
824 3012 1013 3080 Bezeicbnung‚
1031 3031 1082 3067 von
1096 3016 1208 3069 welcber

134 3081 335 3134 Mediocritates
351 3085 394 3134 iila·
407 3085 562 3150 probabant
578 3088 604 3132 et
617 3087 653 3146 in,
698 3083 755 3152 sicit
772 3081 817 3133 der
828 3081 951 3133 Gedanke
969 3097 1000 3133 aa
1020 3083 1069 3136 den
1088 3083 1208 3138 Scbmera

136 3151 560 3270 suarattaratae
698 3149 770 3270 ”tt
787 3144 1128 3271 taa⁰ttt⁵st}.......
1152 3234 1201 3272 ..

168 3235 553 3352 m-thea
697 3235 935 3349 tmmq'
1127 3263 1135 3284 '

169 3356 194 3406 4.
229 3370 284 3404 aon
310 3370 387 3406 eane:
427 3353 646 3406 schlecbterdins
727 3354 1209 3422 20.wrationm,entsprecbenddem

1 3411 3 3426 '
34 3422 54 3459 Ἀ
98 3419 111 3432 ”
136 3421 216 3486 nicht,
233 3419 405 3488 keineswegs,
423 3422 474 3474 wie
491 3424 532 3484 21,
551 3425 596 3482 51;
616 3369 645 3476 id.
698 3421 834 3487 folgenden
844 3420 1209 3488 medendifacultatemwgi.

18 3500 50 3543 ³13
138 3491 177 3552 tt,
196 3492 229 3540 4⁰
248 3489 299 3541 und
318 3489 384 3542 oben
403 3492 464 3553 1‚2:
483 3490 558 3540 baad
572 3507 645 3543 rana.
698 3490 762 3541 auch
782 3505 805 3543 a.
822 3488 864 3542 lV.
883 3492 924 3552 27,
943 3492 984 3542 59.

28 3562 47 3599 ’Ὺ
136 3554 194 3622 Vgi.
213 3573 235 3608 a.
264 3555 306 3608 tv,
325 3559 367 3620 21,
393 3559 435 3610 48.
731 3559 772 3611 23.
790 3573 839 3608 nee
862 3573 937 3608 vero:
964 3556 1004 3607 oit
1022 3572 1069 3608 nur
1087 3556 1128 3608 ein
1152 3571 1209 3608 ver-

171 3627 194 3676 5.
204 3626 356 3690 idagimae,
365 3627 485 3686 rat-eit,
496 3624 647 3690 iuratpro-
697 3626 798 3677 neiates
816 3630 842 3675 et
859 3625 973 3690 quidem.

34 3708 47 3741 ,;·
137 3693 226 3742 tenus
238 3709 301 3758 erra,
318 3707 339 3743 s.
353 3708 374 3744 z.
394 3695 458 3757 3‚5:
473 3693 589 3757 probari
606 3693 645 3746 ut.
732 3695 916 3758 reparatam.
946 3690 1210 3760 Paratselteuerrpa-

35 3812 36 3815 ,
173 3762 213 3812 12.
232 3761 406 3825 aegriaenr‘m
420 3762 585 3825 corporibus,
604 3761 647 3811 ab·
699 3763 760 3826 cies)
789 3761 823 3811 ist
844 3761 879 3810 im
903 3759 1079 3811 Lateiniscben
1102 3759 1147 3811 der
1163 3763 1211 3813 tib-

19 3834 54 3889 ’,ῃ
137 3825 261 3893 geitdrate
277 3827 467 3895 Vergieiebung
483 3827 535 3878 sur:
553 3843 647 3893 aegro·
699 3828 767 3880 liobe
779 3827 923 3892 Gegensata
941 3841 992 3878 von
1007 3841 1103 3891 genus.
1131 3827 1165 3881 So
1179 3829 1209 3883 V.

34 3900 54 3965 i,
137 3910 197 3946 rum
216 3911 360 3962 carporum
376 3897 474 3956 statae&
493 3895 543 3946 wie
554 3895 572 3946 l.
587 3900 609 3959 1,
620 3898 649 3948 2:
700 3899 741 3960 25,
752 3899 796 3949 at:
807 3910 908 3960 genera
915 3898 1058 3960 partesque
1069 3897 1213 3951 virtutum.

189 3996 267 4038 Cicero
282 3994 374 4038 iuraui.
390 3993 418 4036 lt.
442 3996 462 4037 8.
476 3993 534 4038 Anii.
993 3979 1008 4030 2
