2800 4476
217 201 278 262 152
414 247 417 254 .
538 203 632 258 unna
651 203 681 258 v.
700 207 846 286 acesco.
865 207 955 270 acor.

214 378 325 450 forma,
347 385 456 450 aetate,
477 378 571 458 figura
585 378 749 440 metiendas
764 385 886 456 putant,
905 376 942 438 ab
957 377 1051 455 iisque
1067 375 1215 438 abstinere
1229 378 1286 438 mi-

215 462 295 524 nime
307 481 371 524 esse
385 462 512 538 difficile,
528 463 552 524 si
566 472 617 524 aut
630 462 766 524 valetudo
781 473 831 524 aut
846 462 975 524 officium
991 471 1042 524 aut
1056 463 1131 522 lama
1147 463 1286 540 postulet,

214 548 398 627 omninoque
408 566 503 626 genua
514 549 571 610 hoc
582 549 767 628 voluptatum
779 548 905 628 optabile
918 567 992 621 esse,
1001 548 1026 609 si
1038 567 1099 608 non
1112 546 1200 621 obsit,
1215 566 1286 627 pro-

162 643 191 694 95
213 632 298 694 desse
320 651 492 712 numquam.
525 633 692 712 Totumque
715 634 772 694 boc
794 635 831 696 de
846 634 995 712 voluptate
1009 633 1052 694 sic
1067 632 1115 692 ille
1131 633 1285 712 praecipit,

212 728 247 780 ut
261 717 439 797 voluptatem
454 718 548 797 ipsam
563 736 618 797 per
633 738 680 793 se,
696 718 765 798 qnia
779 720 914 798 voluptas
927 719 978 789 sit,
993 736 1111 798 semper
1126 718 1286 797 optandam
1306 730 1319 780 t

213 803 467 883 expetendamque
489 812 588 882 putet,
611 805 772 882 eademque
794 804 908 864 ratione
929 804 1062 865 dolorem
1078 803 1117 864 ob
1132 803 1161 863 id
1177 803 1284 884 ipsum,

212 888 281 966 quia
296 887 381 949 dolor
395 889 442 963 sit,
458 907 577 968 semper
591 909 655 951 esse
671 889 859 968 fugiendum
879 889 976 967 itaque
993 889 1048 951 bac
1065 907 1187 950 usurum
1202 908 1284 950 com-

211 973 387 1052 pensatione
411 974 589 1053 sapientem,
611 984 644 1036 ut
664 984 694 1036 et
715 975 896 1054 voluptatem
918 975 1025 1054 fugiat,
1048 974 1072 1035 si
1093 992 1126 1033 ea
1142 975 1283 1035 maiorem

211 1057 345 1118 dolorem
368 1058 508 1120 ellectum
523 1060 577 1131 sit,
601 1069 631 1120 et
645 1059 778 1120 dolorem
792 1059 933 1138 suscipiat
948 1059 1088 1120 maiorem
1105 1059 1283 1120 efficientem

210 1142 408 1222 voluptatem,
428 1145 585 1222 omniaque
600 1145 744 1219 iucunda,
761 1163 937 1224 quamquam
953 1163 1042 1206 sensu
1058 1145 1194 1223 corperis
1209 1144 1284 1205 iudi·
1305 1155 1329 1206 to

160 1239 190 1290 96
211 1238 333 1301 centur,
348 1228 384 1288 ad
400 1229 531 1290 animum
546 1230 651 1291 referri
665 1239 779 1305 tamen;
801 1230 941 1309 quocirca
956 1247 1066 1308 corpus
1080 1230 1209 1309 gaudere
1224 1239 1281 1290 tam

210 1313 269 1385 diu,
286 1315 356 1374 dum
368 1323 554 1393 praesentem
567 1315 692 1376 sentiret
701 1315 892 1395 voluptatem,
908 1315 1040 1376 animum
1054 1323 1083 1375 et
1096 1323 1282 1393 praesentem

208 1398 363 1478 percipere
375 1401 486 1478 pariter
496 1418 563 1460 cum
580 1418 706 1479 corpore
718 1408 748 1460 et
758 1401 930 1480 prospicere
943 1400 1109 1460 venientem
1124 1419 1180 1460 nec
1195 1418 1282 1478 prae-

207 1484 325 1544 teritam
337 1485 546 1562 praeterfluere
558 1485 673 1560 siuere;
687 1485 726 1545 ita
739 1496 898 1565 perpetuas
910 1495 938 1545 et
952 1493 1105 1546 contextas
1116 1485 1281 1565 voluptates

207 1568 237 1629 in
251 1569 385 1648 sapiente
401 1570 464 1630 lore
477 1588 602 1649 semper,
619 1589 687 1632 cum
699 1571 879 1650 exspectatio
897 1580 1080 1650 speratarum
1095 1570 1279 1648 voluptatum
1299 1580 1325 1632 15

210 1671 277 1713 cum
295 1664 503 1734 perceptarum
519 1656 661 1716 memoria
675 1656 860 1735 iungeretur.

293 1739 389 1817 Atque
409 1740 456 1801 his
477 1741 581 1802 similia
599 1741 635 1802 ad
650 1741 759 1802 victum
775 1742 863 1802 etiam
877 1741 1115 1815 transferuntur,
1137 1749 1279 1801 extenua·
1382 1759 1383 1762 ¹

157 1799 186 1850 Ἦ
207 1830 316 1902 turque
328 1825 547 1904 magnificentia
559 1835 588 1886 et
600 1836 736 1905 sumptus
752 1827 916 1906 epularum,
932 1826 1011 1904 quod
1024 1845 1114 1905 parvo
1130 1826 1213 1886 cultu
1229 1844 1281 1886 na·
1382 1865 1383 1914 p

207 1916 273 1973 tura
292 1918 431 1972 contenta
452 1911 499 1971 sit.
533 1911 650 1972 Etenim
668 1913 734 1990 quis
749 1912 806 1972 boc
822 1931 883 1972 non
899 1912 992 1984 videt,
1014 1912 1166 1972 desideriis
1181 1911 1280 1971 omnia

145 1989 152 2026 ³
206 1992 261 2054 ista
273 1992 412 2058 condiri?
427 1995 532 2059 Darius
548 1997 579 2056 in
595 1997 664 2075 luga
680 2015 748 2058 cum
762 2015 868 2076 aquam
884 1996 1031 2057 turbidam
1047 2005 1077 2057 et
1091 1996 1281 2059 cadaveribus
1300 2008 1324 2057 n
1382 2005 1383 2008 ’

206 2078 390 2157 inquinatam
402 2079 535 2154 bibisset,
552 2082 668 2160 negavit
678 2100 818 2160 umquam
831 2101 862 2143 se
874 2082 985 2143 bibisse
1000 2082 1175 2154 iucundius;
1191 2099 1278 2141 num·

206 2181 294 2240 quam
310 2164 443 2226 videlicet
458 2165 561 2226 sitiens
576 2167 699 2228 biberat.
734 2167 794 2227 Nec
810 2167 944 2228 esuriens
960 2167 1147 2227 Ptolomaeus
1163 2166 1278 2240 ederat;

207 2248 334 2309 cuicum
349 2250 521 2328 peragranti
532 2252 700 2331 Aegyptum
715 2251 872 2313 comitibus
887 2271 949 2312 non
968 2252 1136 2314 consecutis
1151 2251 1278 2312 cibarius

240 2433 262 2482 3.
281 2435 442 2498 omninoque
465 2438 514 2485 cet.
549 2433 622 2501 Diog.
640 2435 666 2486 L.
685 2434 717 2486 X.
767 2436 920 2501 inungendus
938 2435 1023 2502 leblen
1042 2435 1109 2496 dari;
1128 2435 1177 2501 vgl.
1190 2434 1222 2485 de
1240 2449 1277 2486 er.

206 2501 267 2553 118:
287 2502 424 2552 Συνονσία
436 2497 467 2553 dd
479 2499 569 2566 ὤνησε
580 2505 632 2568 μὲν
644 2497 716 2554 οὐδέ·
766 2503 805 2555 ΙΙΙ.
819 2507 860 2567 14,
873 2506 918 2556 55:
937 2506 987 2555 boc
998 2508 1038 2554 est
1047 2507 1134 2570 magia
1142 2505 1279 2569 probitate

204 2585 280 2634 noca,
291 2562 435 2639 ἀγαπητὸν
447 2565 485 2634 δέ,
498 2569 522 2621 εἴ
534 2567 572 2637 μὴ
583 2574 628 2622 καὶ
637 2567 716 2638 ἔβλα-
765 2573 904 2637 iungenda
921 2588 1075 2652 summaque
1090 2573 1244 2652 prudentie.

203 2651 263 2756 wis
282 2703 436 2770 Totumque,
454 2706 505 2758 wie
523 2706 540 2759 t.
560 2708 601 2771 aa,
620 2709 660 2760 aa.
801 2639 1277 2770 iiiiiiii,iiiiiiiitiiiidiiii

238 2775 277 2826 11.
287 2771 388 2834 referri
397 2777 492 2825 tameat.
516 2773 615 2826 Ebenso
627 2780 714 2826 tamen
765 2791 867 2827 monuo.

202 2855 243 2891 am
261 2840 331 2892 Ende
349 2841 394 2893 des
413 2840 514 2894 Satnes:
531 2843 549 2894 l.
570 2845 609 2906 12,
628 2845 668 2896 27.
798 2846 838 2896 22.
861 2844 1029 2896 Ptolomaeus
1053 2845 1114 2907 (wie
1139 2843 1204 2895 nacb
1229 2843 1275 2896 den
1382 2853 1383 2912 t

238 2913 291 2960 tam
305 2909 360 2973 diu,
374 2909 437 2960 dum
449 2911 499 2962 wie
517 2910 543 2962 in
559 2910 613 2962 Gat.
631 2911 669 2962 lll.
688 2914 712 2976 7,
764 2911 854 2963 besten
873 2912 978 2964 Hdscbr.
997 2911 1098 2964 Ciceros
1122 2912 1221 2964 uberali
1244 2928 1275 2964 zu
1382 2919 1383 2962 t

204 2978 249 3029 16:
268 2981 323 3026 tam
336 2977 390 3039 diu,
409 2977 472 3028 dum
484 2981 560 3029 urbia
577 2981 713 3030 moenibus
763 2979 899 3045 lesenist),
913 2980 1036 3032 wabrscb.
1050 2979 1188 3046 Pelbogi
1200 2979 1275 3032 illins.
1382 2977 1383 3038 l

202 3045 397 3107 continebatur,
416 3045 467 3096 und
486 3045 559 3097 diter.
799 3049 1208 3100 23.eomitibucnoneoncecutie.
1227 3047 1275 3100 Ilus
1382 3065 1383 3110 p

237 3113 276 3163 12.
293 3115 406 3163 sentiret
415 3113 480 3164 nacb
492 3117 638 3180 praecipit:
657 3115 712 3166 der·
764 3113 831 3166 Part.
842 3115 909 3168 Peri.
922 3116 992 3168 eines
1002 3115 1063 3182 Dep.
1074 3117 1120 3168 mit
1130 3117 1275 3168 transitiver
1382 3113 1383 3166 ἒ

201 3179 272 3230 solbe
291 3178 409 3232 Weebsel
435 3180 479 3233 der
496 3181 622 3250 Tempora
647 3183 712 3235 nach
763 3181 917 3250 Bedeutung
937 3184 972 3235 ist
994 3185 1019 3234 in
1043 3185 1087 3235 der
1105 3183 1207 3237 Konstr.
1232 3185 1274 3235 der

200 3246 257 3299 dem
267 3245 347 3311 eres,
364 3248 476 3301 welches
488 3249 526 3300 als
540 3251 712 3303 historischen.
763 3251 821 3302 Abi.
840 3251 895 3303 abs.
920 3253 1029 3304 iulserst
1050 3251 1143 3314 sellem
1168 3251 1220 3318 vgl.
1235 3254 1273 3316 je·

199 3315 398 3368 anzusebenint:
409 3316 531 3382 lll.15,32
541 3319 607 3370 nach
617 3323 710 3371 censat.
763 3318 828 3370 doch
847 3321 932 3371 ausser
947 3320 1031 3372 dieser
1043 3319 1122 3373 Stelle
1141 3321 1208 3372 nocb
1221 3320 1273 3371 biv.

234 3387 274 3437 14.
291 3386 496 3450 praeterfluere:
515 3387 572 3437 dem
585 3386 708 3439 Gedicbt·
760 3386 839 3442 XXX.
852 3390 930 3451 25,5:
950 3389 1193 3440 Hasdrubaleuuso
1205 3387 1273 3449 faei-
1382 3393 1383 3396 ’

199 3451 237 3502 nis
247 3452 453 3514 eniscbwindem
460 3459 709 3520 perpetuaaetcon-
760 3471 822 3514 num
842 3455 902 3507 Sall.
915 3457 968 3522 lug.
983 3460 1040 3522 103,
1053 3461 1080 3509 t:
1094 3457 1170 3509 Sulla
1183 3461 1273 3508 omnia

198 3523 298 3570 teactae:
312 3521 369 3572 eine
382 3521 707 3575 ununterbrocbeneReibe
757 3524 893 3588 pollicum
911 3525 979 3578 curt.
1000 3525 1029 3576 V.
1045 3528 1069 3590 4,
1087 3527 1131 3577 34:
1151 3541 1274 3577 consecu-

197 3602 250 3639 von
267 3588 424 3654 voluptates.
759 3594 793 3642 tis
810 3597 919 3643 strenue
936 3595 1061 3645 hostibus.

234 3658 272 3710 16.
286 3661 525 3708 eum-memorio
540 3661 708 3724 inriget-ater,
794 3663 913 3712 cibarius
922 3665 1011 3727 panis.
1025 3661 1083 3713 lsid.
1097 3660 1164 3728 Orig.
1173 3661 1229 3725 xx.
1243 3664 1273 3714 2:

196 3723 268 3774 nicht
286 3725 352 3776 obne
376 3724 417 3777 die
435 3724 522 3793 Paitp„
546 3728 643 3779 welche
662 3744 709 3780 nur
759 3729 840 3780 Pania
857 3731 974 3780 cibarius
991 3735 1043 3794 cet,
1066 3731 1114 3796 qui
1130 3731 1168 3780 ad
1179 3733 1273 3795 cabum

196 3789 237 3840 bei
250 3789 300 3843 den
318 3791 409 3843 Parti
419 3808 442 3844 c.
459 3798 567 3844 iunctus
580 3793 630 3846 und
648 3811 709 3846 con·
758 3800 843 3847 aereis
856 3797 947 3862 datur,
958 3814 1006 3850 nee
1021 3799 1158 3850 delicatus.
1169 3798 1235 3852 Cels.
1245 3797 1273 3850 11.

195 3859 316 3922 iunctus,
339 3860 389 3912 wie
407 3860 444 3913 111.
468 3865 496 3926 5,
522 3866 567 3928 11,
589 3862 642 3914 und
666 3864 708 3914 bei
760 3866 1273 3931 29:(penic)mbamusuelbordeueeam.
