2790 4476
474 205 568 262 usus
585 207 603 262 1.
617 210 663 275 se,
680 210 723 264 or.
742 211 783 274 ao,
801 210 843 262 oa.
1153 208 1193 267 89

109 379 211 441 nescio
229 380 354 460 quaudo
370 380 400 442 io
416 379 520 442 Latmo
536 380 729 455 obdormirit,
753 381 804 461 qui
820 388 866 443 est
877 399 967 442 mous
983 379 1099 456 Cariae,
1115 401 1193 443 nou-

110 466 196 540 dum,
221 465 343 545 opinor,
364 474 411 527 est
430 474 632 546 experrectu.
676 465 754 527 Num
768 467 860 548 igitur
874 485 943 528 eum
959 485 1064 529 curare
1080 485 1194 542 censes,

111 569 177 612 cum
192 550 282 612 Luna
298 549 434 612 laboret?
457 570 471 611 ι
487 570 544 630 qua
561 551 736 632 consopitus
752 559 887 632 putatur,
910 559 945 613 ut
959 571 1027 614 eum
1042 552 1194 614 dormicu-

110 643 168 697 tem
185 635 383 697 oscularetur.
411 635 493 708 Quid
504 646 592 698 curet
602 645 710 712 autem,
725 637 777 717 qui
790 657 828 700 ue
840 637 930 699 sentit
942 635 1081 717 quidem?
1097 637 1194 700 Habes

78 738 251 785 ssemnum
275 721 434 801 imaginem
455 723 575 797 mortis,
599 740 723 801 eamque
746 723 854 784 cotidie
876 723 992 797 induis,
1015 731 1044 784 et
1066 723 1193 796 dubitas,
1246 753 1248 759 v

112 806 183 885 quin
206 825 318 869 seusus
339 806 367 867 io
382 815 478 869 morte
500 807 601 870 nullus
616 807 669 882 sit,
689 825 759 870 oum
782 807 814 868 iu
835 808 901 870 cius
923 808 1081 870 simulam
1096 808 1195 870 videas

112 911 175 954 esse
191 891 310 952 nullum
326 889 471 954 sensum?

196 976 353 1038 Pelloum
363 994 436 1056 ergo
449 977 521 1040 istac
532 977 663 1058 ineptiae
680 994 776 1058 paone
787 977 890 1050 ouilcs,
908 986 976 1040 onte
988 977 1194 1058 tempestuosi
1206 983 1244 1040 tt

112 1063 256 1124 miserum
273 1079 347 1124 esse.
375 1061 462 1134 Quod
477 1064 596 1125 undam
610 1060 749 1143 tempus?
769 1061 959 1124 Naturocool
974 1064 1011 1124 At
1027 1081 1060 1125 ea
1076 1063 1194 1144 quidem
1217 1073 1247 1124 93

68 1165 93 1213 10
113 1148 193 1210 dedit
206 1165 331 1208 usuram
344 1147 422 1208 vitae
434 1157 585 1228 tamquam
595 1148 742 1228 munite
758 1147 836 1209 nulla
848 1149 1022 1228 praestituta
1038 1148 1092 1210 die.
1117 1148 1195 1220 Quid

112 1242 156 1294 est
166 1233 271 1312 igitur,
285 1233 367 1312 quod
379 1251 515 1312 querare,
531 1234 685 1314 sirepetit,
700 1251 770 1295 oum
780 1231 863 1295 volt?
876 1251 913 1294 ea
926 1234 1005 1296 enim
1016 1233 1195 1296 condicione

112 1335 281 1398 acceperas.
308 1317 410 1393 iidem,
426 1319 451 1380 si
465 1337 543 1399 ouer
557 1337 666 1399 porrus
681 1318 799 1392 occidit,
812 1336 908 1398 aequo
921 1319 1022 1381 animo
1038 1318 1194 1380 ferendum

112 1411 236 1484 putant,
252 1404 278 1465 si
292 1421 364 1464 vcro
378 1404 410 1464 in
428 1404 524 1478 cunis,
547 1423 585 1466 oe
608 1405 794 1484 querendum
816 1403 948 1484 quidem.
978 1403 1069 1483 Atqui
1084 1402 1122 1464 ab
1137 1403 1196 1466 boc

113 1488 251 1550 acerbius
267 1489 364 1569 exegit
376 1497 484 1550 natura
499 1490 579 1569 quod
594 1490 723 1551 dedant.
746 1489 884 1551 blondum
896 1497 1073 1570 gustaverat,
1088 1489 1196 1569 iuquit,

67 1591 93 1640 15
112 1575 188 1636 vites
208 1574 404 1650 suavitatem
426 1574 475 1637 hic
495 1583 596 1637 autam
616 1575 675 1636 tom
696 1574 836 1655 sperabat
856 1593 982 1654 magua,
1005 1574 1114 1654 quibus
1134 1574 1195 1636 lrui

114 1668 266 1740 coeperat.
292 1658 331 1721 At
345 1658 374 1720 id
387 1661 506 1738 quidem
522 1661 554 1722 in
570 1661 679 1723 ceteris
693 1660 784 1723 rebus
798 1660 906 1722 melius
920 1668 1051 1740 putatur,
1067 1659 1195 1738 aliquam

114 1753 232 1824 partem
249 1761 337 1823 quam
352 1744 465 1806 suham
488 1747 634 1827 attingere
641 1766 649 1822 ;
673 1765 727 1807 our
748 1747 779 1807 in
796 1747 855 1807 vita
877 1743 985 1808 seurs‘l
1007 1745 1194 1823 Quamquam

115 1849 178 1892 oou
208 1829 287 1892 male
315 1829 357 1891 ait
379 1830 575 1893 Callimachus
602 1829 695 1894 molto
717 1834 831 1912 saepius
853 1830 1019 1893 lacrimaee
1041 1829 1196 1892 hiemum

114 1935 202 1996 quom
228 1913 368 1977 Troilum.
412 1915 527 1978 Eorum
549 1925 663 1992 autem,
696 1916 747 1996 qui
776 1923 876 1977 exacta
899 1923 993 1976 aetate
1015 1915 1196 1989 mcuuotur,

151 2049 491 2115 1.qutootmom0artao.
514 2049 631 2102 hiccine
718 2051 758 2104 13.
792 2065 856 2100 vcro
882 2048 1029 2115 steigerud:
1055 2040 1196 2112 ‘rollande

115 2115 352 2184 Ortsbeotiuimuog
366 2118 531 2171 enthalteode
543 2119 630 2186 bopo·
682 2110 744 2184 κατ’,
762 2117 815 2183 vgl.
824 2119 867 2181 41,
876 2119 922 2170 98:
943 2116 975 2170 llt
986 2132 1049 2168 vcro
1061 2117 1196 2183 conloqui.

115 2185 193 2236 aition
208 2185 274 2237 wird
286 2185 542 2306 regelmilsiffiduroh
554 2187 631 2239 doen
719 2187 759 2242 14,
776 2188 875 2253 inserit,
889 2187 1050 2252 semlr'qm'e:
1062 2200 1130 2239 mco.
1159 2181 1196 2236 So

115 2252 277 2306 Relativsatz
296 2254 422 2321 sucgedrb

113 2321 171 2384 ta,
183 2324 213 2374 t:
230 2322 271 2374 ad
286 2322 487 2389 Leucopetram,
505 2324 578 2390 qood
594 2329 633 2375 oet
682 2338 720 2376 cr.
730 2323 748 2377 l.
759 2325 782 2389 8,
792 2325 839 2376 30:
856 2338 941 2388 noque
957 2338 1021 2374 voro
1038 2325 1106 2374 mibi
1122 2323 1196 2387 quic·

113 2393 336 2456 promuntorium
354 2395 419 2456 egri
433 2391 539 2458 Regini.
683 2407 763 2457 quarn
782 2391 974 2459 praestabilior
990 2391 1099 2442 videtur
1116 2405 1196 2456 quom

152 2460 176 2510 2.
203 2461 311 2525 opinor,
328 2460 473 2526 spbttelnd3
497 2475 520 2513 s.
538 2463 579 2526 22,
597 2463 631 2512 52
680 2476 758 2527 posse
775 2489 809 2497 -
827 2461 978 2512 voluntates
991 2459 1126 2523 impsum
1143 2473 1196 2524 quo

115 2541 149 2580 au
167 2527 256 2579 sodo.
682 2528 756 2592 colit,
780 2529 853 2579 undo
870 2532 960 2578 autom
977 2527 1042 2577 velit
1059 2526 1197 2590 dcdocore,

151 2596 176 2649 3.
187 2611 249 2646 cum
259 2595 337 2647 buno
347 2596 461 2649 laboret:
475 2611 551 2648 weho
560 2595 631 2648 Luoa
682 2610 725 2647 wo
744 2595 790 2648 (los
808 2595 911 2660 allgem.
924 2593 997 2658 Subj.
1015 2595 1050 2644 im
1063 2594 1110 2645 inl.
1122 2593 1195 2658 liegt.

114 2663 161 2728 (im
179 2661 244 2714 llam
264 2663 290 2716 le
306 2665 354 2715 mit
371 2664 527 2717 leindlichen
545 2663 631 2716 blieb·
682 2663 785 2716 Ebense
798 2679 824 2730 p.
837 2661 901 2716 Mur.
915 2666 938 2726 1,
953 2665 993 2715 16.
1024 2660 1084 2726 Vgl.
1104 2677 1135 2713 cu
1152 2660 1196 2713 111.

115 2734 171 2796 ten)
189 2731 216 2782 iu
259 2737 288 2784 ot
305 2734 351 2795 ist,
377 2732 403 2786 (l.
422 2733 447 2786 h.
472 2747 548 2784 wenu
573 2732 630 2784 eine
683 2733 707 2796 8,
728 2735 758 2783 11
776 2730 829 2783 und
846 2729 878 2782 ll.
895 2733 939 2794 11,
959 2731 1017 2783 118.

114 2797 327 2853 Mondfiosterois
345 2801 453 2866 eintritt,
473 2801 529 2852 also
541 2822 574 2843 -ι
587 2800 630 2850 dc·
718 2802 758 2853 15.
776 2801 829 2863 bio,
846 2811 884 2850 sc.
897 2813 968 2864 petor
983 2811 1093 2863 porcus.

71 2879 73 2882 ’
114 2869 202 2931 ficiat.
238 2867 300 2934 Vgl.
318 2867 380 2922 Tac.
398 2885 458 2921 anu.
475 2867 494 2920 l.
513 2870 558 2929 283
576 2867 631 2921 biv.
719 2870 759 2920 17.
770 2866 991 2932 Quamquamcet.
1009 2862 1196 2918 SiamGleich-

113 2935 207 2989 xxvi
227 2939 253 3001 5,
270 2940 295 2992 9.
685 2934 755 2988 wohl
776 2936 812 2986 ist
835 2933 1022 2987 hiuwicderum
1050 2934 1197 2985 eiaauwen·

150 3008 176 3056 4.
194 3005 290 3071 Habes,
309 3020 329 3060 ι.
348 3021 379 3057 zu
398 3007 440 3070 49,
459 3005 517 3056 119.
684 3005 741 3066 den,
760 3017 816 3054 was
828 3002 999 3054 Gallimaohus
1015 3006 1074 3068 sagt
1090 3006 1149 3066 oet,
1167 3017 1197 3054 co

151 3077 176 3126 5.
204 3077 232 3123 et
256 3075 315 3138 (vor
335 3073 442 3125 dalilae
470 3065 533 3123 ‘und
557 3063 632 3122 doch’
683 3071 739 3124 dale
757 3086 816 3124 auca
834 3073 860 3123 io
879 3071 1015 3137 sevissem
1029 3070 1107 3124 Sioue
1124 3071 1198 3122 recht

115 3140 180 3193 oder
192 3134 259 3193 ‘uati
278 3141 354 3193 ‹lubei
372 3141 457 3205 noch,
475 3140 526 3192 wie
538 3138 577 3190 lll.
591 3141 631 3203 16,
684 3140 761 3192 daran
780 3141 846 3205 thut,
869 3140 919 3193 dou
936 3138 993 3191 'l'od
1010 3141 1082 3206 ciues
1100 3138 1197 3191 lliurles

117 3212 164 3263 35:
183 3210 222 3261 lit
239 3214 270 3259 to
288 3210 411 3261 oblivisci
427 3211 519 3261 tubes?
683 3209 799 3276 wenigcr
816 3224 848 3262 zu
865 3208 1002 3275 belrlagcu.
1035 3207 1104 3260 Uber
1121 3208 1198 3260 Galli-

151 3280 176 3332 9.
201 3277 281 3342 Quod
297 3278 405 3329 taudem
423 3277 544 3344 ternpus?
578 3275 632 3328 Aue
683 3277 791 3330 machus
808 3292 831 3330 e.
849 3293 882 3330 zu
900 3279 941 3338 34,
960 3279 1000 3330 84.

110 3345 175 3398 'dem
185 3344 420 3412 Vorhergehenden
438 3347 473 3398 ist
490 3342 588 3411 (hiufig
604 3343 631 3395 in
720 3349 760 3400 19.
780 3344 910 3399 Troilum.
936 3343 1047 3408 Troilus,
1066 3345 1107 3395 ein
1126 3342 1197 3395 Solio

115 3412 633 3480 unvollstindigenRelativ-undl'rage·
683 3413 729 3466 dec
747 3413 873 3480 Priamus,
896 3412 940 3465 fiel
958 3414 1017 3466 sehr
1031 3414 1098 3478 jung
1116 3410 1196 3463 durch

117 3483 218 3546 sitaeu,
235 3482 262 3534 in
279 3480 378 3549 brugen
396 3480 632 3546 ‹lerWiderleguog
684 3481 806 3534 Achilles'
824 3481 909 3546 fland,
934 3480 973 3532 uls
995 3496 1023 3532 er
1044 3478 1133 3530 diesen
1150 3493 1195 3529 su·

117 3549 632 3685 tt‘tttltttthlt.ltttltt
684 3545 1196 3684 lllhllltlllltssllillsiblff'

117 3687 277 3754 supplieren,
293 3687 345 3738 -wie
363 3687 426 3752 §94
442 3687 485 3738 bei
504 3701 557 3752 qua
569 3686 634 3736 illoc
719 3691 816 3738 exacta
829 3689 928 3738 astuto:
942 3700 973 3734 cn
986 3683 1031 3736 der
1040 3682 1137 3735 Grenze
1150 3683 1195 3732 des

117 3755 259 3816 ,batiolam
288 3757 333 3818 46,
353 3757 414 3808 tlt:
437 3756 537 3822 quibua
553 3755 633 3818 volgo
685 3750 1196 3816 Lebensoderimlireisenulter,cigent-

119 3827 282 3890 opinantem
301 3822 339 3876 lll.
355 3826 395 3890 tt,
407 3827 453 3877 37:
472 3823 562 3888 Quae?
579 3821 634 3873 Cot.
684 3821 737 3872 lich
749 3822 815 3873 nach
827 3820 924 3872 hblaul
934 3820 980 3872 des
998 3819 1125 3886 (thitigeu
1143 3815 1195 3869 und

118 3891 151 3944 hl.
170 3895 195 3957 6,
216 3895 258 3946 15.
684 3889 880 3954 iohaltsvolleu)
895 3887 1003 3941 Lebeos.

458 2261 476 2308 t.
495 2255 554 2322 Vgl.
565 2253 631 2308 Phil.
682 2255 748 2306 cuch
767 2255 808 2306 bei
825 2255 938 2308 accareu
955 2253 1072 2319 Verbera,
1094 2253 1145 2305 wie
1161 2252 1196 2304 de
