2800 4476
230 205 290 266 110
599 205 694 259 trena
712 205 741 260 v.
760 210 784 272 r,
795 209 834 262 11.
853 211 877 273 s,
890 208 927 260 n.

228 379 353 442 dicendi.
391 379 448 442 Sed
469 379 506 441 ab
530 379 648 459 antiqua
673 379 858 460 philosophia
881 397 976 458 usquo
998 379 1033 440 ad
1054 380 1224 454 Socratem,
1252 380 1305 458 qui

228 465 419 539 Archelaum,
435 467 625 544 Anaxagorae
641 464 832 546 discipulum,
848 465 994 538 audierat,
1011 466 1126 526 numeri
1141 474 1305 544 motusque

226 549 438 626 tractabantur,
454 559 484 612 et
498 552 578 612 unde
592 551 691 612 omnia
709 558 867 611 orerentur
884 568 980 629 quove
994 550 1171 624 reciderent,
1187 551 1304 612 studio·

227 654 318 715 seque
335 634 372 696 ab
394 635 429 697 iis
440 635 569 696 siderum
590 635 823 716 magnitudines,
844 634 1010 710 intervalla,
1032 653 1138 698 cursus
1158 635 1304 715 anquire-

226 720 336 781 bantur
351 731 380 782 et
395 729 501 782 cuncta
517 720 661 782 caelestia.
691 721 829 782 Socrates
842 729 940 782 autem
955 720 1068 800 primus
1081 719 1304 802 philosophiam
1326 731 1341 780 5

227 805 377 867 devocavit
398 825 414 866 e
436 806 517 867 caelo
539 806 619 868 etin
646 805 771 867 urbibus
792 805 956 867 conlocavit
977 813 1007 866 et
1027 805 1057 866 in
1080 805 1188 868 domus
1214 806 1304 868 etiam

227 889 392 952 introduxit
406 899 436 951 et
450 890 547 970 coegit
561 892 597 952 de
611 891 668 953 vita
690 900 719 952 et
739 891 872 953 moribus
895 890 1044 970 rebusque
1064 890 1152 953 bonis
1166 900 1199 952 et
1218 892 1304 954 malis

175 989 202 1040 11
229 993 379 1055 quaerere.
410 975 499 1038 Cuius
515 976 666 1056 multiplex
680 976 754 1037 ratio
770 976 939 1056 disputandi
956 993 1117 1056 rerumque
1131 977 1258 1039 varietas
1273 986 1304 1038 et

228 1060 341 1140 ingenii
356 1060 536 1140 magnitudo,
551 1061 682 1123 Platonis
697 1061 839 1123 memoria
854 1069 883 1121 ot
897 1060 1001 1122 litteris
1017 1069 1200 1134 consecrata,
1216 1062 1302 1142 plura

225 1163 334 1224 genera
356 1146 453 1207 effecit
478 1146 712 1208 dissentientium
739 1145 1000 1226 philosophorum,
1029 1147 1174 1224 equibus
1200 1166 1258 1209 nos
1271 1148 1302 1208 id
1325 1156 1352 1208 to

225 1230 409 1311 potissimum
425 1232 576 1293 consecuti
593 1250 711 1305 sumus,
727 1249 786 1310 quo
806 1232 956 1292 Socratem
971 1249 1058 1292 usum
1073 1231 1300 1306 arbitrabamur,

226 1327 258 1376 ut
273 1324 402 1378 nostram
420 1315 475 1398 ipsi
491 1317 667 1378 sententiam
683 1325 867 1396 tegeremus,
888 1334 989 1377 errore
1004 1316 1076 1378 alios
1091 1317 1256 1380 levaremus
1272 1327 1302 1378 et

224 1400 256 1462 in
280 1401 361 1465 omni
382 1401 580 1481 disputatione
601 1402 672 1481 quid
693 1410 771 1464 esset
791 1401 971 1463 simillimum
994 1401 1056 1462 veri
1077 1420 1300 1481 quaereremus.

224 1485 319 1557 Quem
334 1504 448 1546 morem
464 1504 532 1547 cum
547 1486 711 1549 Carneades
726 1487 893 1548 acutissime
909 1486 1170 1566 copiosissimeque
1186 1488 1301 1550 tenuis·

223 1579 283 1645 set,
306 1571 429 1633 lecimus
451 1580 480 1632 et
501 1572 571 1633 alias
593 1590 680 1652 saepe
702 1580 736 1633 et·
753 1590 849 1652 nuper
869 1572 898 1633 in
916 1571 1100 1646 Tusculano,
1122 1581 1156 1634 ut
1177 1573 1213 1634 ad
1235 1592 1300 1634 eam
1322 1581 1349 1632 tt

223 1656 469 1718 consuetudinem
490 1657 715 1737 disputaremus
751 1657 790 1718 Et
809 1657 964 1736 quadridui
985 1656 1103 1736 quidem
1125 1676 1297 1719 sermonem

223 1741 426 1821 superioribus
440 1742 476 1803 ad
491 1751 519 1803 te
536 1743 735 1823 perscriptum
749 1741 833 1804 libris
847 1742 995 1815 misimus,
1010 1742 1115 1821 quinto
1131 1752 1231 1804 autem
1242 1744 1297 1817 dic,

222 1844 290 1887 oum
306 1828 410 1888 eodem
430 1827 461 1888 in
483 1827 548 1890 loco
570 1827 820 1903 consedissemus,
842 1828 884 1889 sic
907 1836 953 1888 est
972 1827 1158 1907 propositum
1179 1828 1217 1890 de
1240 1847 1298 1908 quo

221 1911 445 1994 disputaremus.

182 1965 203 2020 ⁵
306 1997 338 2058 l.
383 1997 460 2078 Nqn
486 1996 578 2058 mihi
603 1997 756 2058 videtur
780 1997 822 2058 ad
842 1996 954 2057 beate
980 1996 1177 2058 vivendum
1204 1996 1299 2058 satis
1321 2010 1346 2060 to

170 2045 199 2096 12

220 2181 344 2234 letzteren
363 2183 406 2244 (ι-
424 2180 576 2247 disciplina)
590 2183 730 2248 potentins.
816 2172 1148 2234 consecrato‘unsterhlich
1167 2181 1295 2248 gmracht,

219 2249 283 2301 Also
295 2249 335 2301 ein
348 2249 489 2314 Ghissmus,
506 2249 557 2300 wie
574 2249 641 2301 oben
661 2253 684 2314 1,
700 2253 730 2302 4:
780 2241 926 2316 verenigt'.
962 2249 997 2302 So
1018 2249 1051 2300 ad
1069 2247 1099 2309 0.
1117 2248 1147 2302 ir.
1165 2248 1183 2303 l.
1205 2252 1228 2314 1,
1249 2252 1293 2303 15:

219 2319 352 2368 uenientia
373 2321 446 2367 metu
461 2344 496 2354 -
510 2332 632 2368 maerore
651 2332 729 2383 pros·
780 2333 840 2368 cum
857 2318 1029 2383 amplissimis
1040 2320 1219 2368 monumentis
1232 2335 1294 2370 oon·

218 2388 313 2503 miba‘
348 2384 410 2437 Zum
428 2383 512 2436 lnhalt
528 2383 580 2451 egl.
598 2385 617 2436 l.
636 2387 676 2449 16,
695 2388 727 2439 38
778 2401 885 2437 serrare
896 2386 1022 2437 notenses
1034 2388 1191 2437 memoriam
1208 2390 1293 2438 nomi-

217 2468 242 2506 u.
295 2454 464 2516 .1,2u.3.
779 2457 891 2505 nistni.

251 2522 275 2573 2.
286 2520 435 2572 Archelaus
447 2535 499 2571 von
511 2517 593 2586 Miles,
609 2521 726 2574 mildens
810 2520 891 2588 plura
906 2536 1009 2587 genera
1023 2550 1057 2558 -
1069 2521 1291 2588 philosophorum

216 2587 354 2641 Boinamen
371 2589 508 2656 Physicos.
779 2587 911 2659 (adplauso,
929 2588 1048 2653 Sekten):
1067 2589 1144 2641 dieG
1177 2589 1290 2652 ensiher,

250 2660 357 2708 numeri
372 2661 519 2722 motusque,
537 2671 557 2708 s.
574 2655 701 2722 t.1o,to.
778 2655 929 2724 Megariher,
950 2656 1073 2725 Cynilrer,
1092 2656 1147 2710 Stoi
1168 2671 1204 2722 er,
1222 2657 1289 2710 Alrs-

250 2728 273 2779 5.
292 2730 319 2776 et
335 2741 381 2776 ror
395 2730 492 2777 cuncta
509 2725 647 2777 coelestis:
660 2721 726 2777 ‘uad
778 2725 900 2791 demilrer‚
918 2723 1103 2792 Peripatetilrer
1121 2732 1170 2777 cet.

215 2785 379 2859 uberhaupt'3
398 2809 418 2846 a.
431 2793 472 2846 lV.
486 2796 509 2860 5,
523 2795 584 2846 dau
602 2793 726 2862 Chrysip·
813 2796 853 2847 10.
866 2811 880 2844 e
892 2796 995 2859 quidus,
1013 2793 1052 2846 als
1065 2793 1097 2845 ob
1112 2808 1217 2859 genera
1230 2797 1289 2859 phi·

212 2877 264 2927 pus
282 2866 308 2911 et
324 2861 416 2915 Stoici.
778 2860 938 2927 losophonds'
948 2861 1174 2928 vorhergegangen
1193 2863 1271 2914 wire.

248 2929 527 2981 Socratosoutemoet.
556 2927 726 2981 Sinnzllrbe-
812 2932 853 2982 11.
870 2934 1142 2995 et-qnasreremus.
1176 2929 1224 2982 Die
1241 2930 1287 2983 Zu-

214 2995 562 3048 hsndeltezuerstdiellthilr
572 2996 723 3064 alseigenen
776 3001 884 3063 setznng
901 3013 953 3050 von
970 2997 1046 3050 ctist
1062 2997 1128 3050 uach
1140 2997 1198 3050 dem
1210 2996 1253 3061 lt,
1264 3003 1287 3060 t,

214 3063 270 3116 'leil
294 3062 338 3115 der
356 3063 530 3131 philosophie.
564 3063 643 3117 head.
662 3064 680 3118 l.
698 3068 723 3131 4,
776 3067 807 3118 16
823 3081 855 3117 zu
874 3065 1011 3117 etsimtlia
1023 3063 1177 3117 Bemerlrten
1194 3081 1229 3117 su
1245 3066 1287 3118 be

215 3134 258 3184 15:
277 3131 402 3184 Socrates
417 3135 485 3184 milas*
497 3133 603 3185 videtne·
617 3135 724 3200 primns
774 3133 891 3186 urteilen.
905 3132 1086 3198 Soauch512:
1097 3135 1286 3186 etobaamrem

213 3216 230 3250 a
241 3201 321 3250 rodus
332 3200 443 3252 occultis
455 3206 481 3251 st
493 3203 526 3252 ab
543 3204 603 3266 ipso
620 3207 723 3253 notura
774 3203 850 3263 bans;
869 3201 885 3267 ἦ
899 3203 943 3256 13:
961 3202 1081 3268 reliquos
1099 3217 1133 3252 ne
1149 3205 1270 3254 virtuto.

211 3269 376 3320 involutie-
388 3283 512 3320 evocasse
526 3270 722 3336 philosophiam
808 3272 847 3323 14.
859 3269 1014 3333 Carneades,
1024 3285 1044 3322 s.
1054 3285 1077 3320 z.
1117 3271 1177 3336 .22,
1187 3273 1234 3330 54;
1245 3287 1285 3322 eo-

212 3340 239 3387 et
255 3337 292 3388 ad
308 3339 390 3388 citam
403 3352 565 3388 communem
578 3339 723 3390 adducens
773 3331 984 3403 piosissime‘aul
991 3337 1050 3390 sehr
1062 3336 1168 3390 beredte
1179 3336 1283 3392 Weise’.

212 3409 269 3466 coln
288 3405 354 3457 auch
371 3404 439 3457 oben
455 3404 494 3457 lll.
507 3408 532 3471 4,
545 3407 568 3458 8.
809 3408 848 3458 15.
857 3404 1284 3472 fecimus-nt—da'spotarsmm

245 3475 269 3527 6.
282 3490 296 3524 e
308 3473 389 3536 coelo,
408 3472 432 3524 d.
444 3473 461 3525 i.
479 3488 525 3525 aus
544 3473 603 3526 dom
615 3473 721 3527 Bereich
773 3472 808 3526 ist
829 3473 1057 3526 nschdrirclrlicher
1079 3473 1118 3526 sle
1138 3473 1185 3526 das
1203 3474 1283 3526 bloloe

211 3540 256 3593 der
272 3540 564 3608 Naturerscheinungeo.
773 3542 980 3607 disputavimus:
998 3539 1088 3594 lieisen
1101 3556 1130 3594 es
1141 3557 1191 3595 uns
1210 3556 1283 3608 ange

245 3611 268 3662 8.
286 3625 389 3674 manem,
410 3608 434 3662 d.
452 3610 470 3661 i.
488 3609 533 3661 der
549 3608 721 3675 Forschungs·
772 3609 848 3676 legen
863 3610 927 3663 sein.

209 3677 392 3743 gegenstdnde.
808 3679 847 3731 18.
866 3679 956 3730 eodem
972 3681 1002 3730 in
1019 3679 1086 3743 loco,
1103 3693 1125 3731 s.
1141 3676 1171 3729 ll.
1189 3678 1216 3742 3,
1228 3681 1252 3732 9.

117 3791 123 3804 ,
244 3746 268 3797 9.
285 3745 405 3797 Platonis
425 3747 553 3797 momoria
571 3748 598 3794 st
616 3743 720 3807 litteras,
806 3751 846 3797 sst
857 3749 1032 3812 propositum,
1050 3745 1091 3798 hir
1102 3744 1149 3797 das
1162 3745 1282 3812 genora-

208 3813 241 3863 ἓν
252 3807 299 3863 διὰ
310 3807 398 3864 dvctv:
413 3804 505 3865 ‘durch
517 3812 605 3864 Platos
622 3811 721 3865 nieder-
772 3812 839 3866 liche
854 3830 956 3881 ponere
973 3816 1003 3882 (s.
1021 3813 1038 3866 l.
1057 3817 1082 3876 4,
1096 3815 1131 3878 1).

208 3879 391 3946 geschrisbene
409 3876 620 3947 Erinnerungen’.
805 3884 846 3934 20.
864 3883 971 3934 videtur
987 3883 1074 3948 (mhi)
1092 3881 1139 3934 mit
1151 3881 1212 3934 dem
1224 3882 1280 3935 hcc.
