2804 4474
561 234 655 289 tinne
672 234 714 290 ιν.
733 238 774 304 ιι,
787 237 829 288 se.
1171 238 1212 298 85

141 426 228 482 nem,
250 407 352 470 utilem
369 408 456 470 etiam
471 407 666 482 dementiam,
682 409 761 487 quod
778 415 808 469 et
822 408 920 470 insani
936 418 965 471 et
980 409 1053 472 ebrii
1068 411 1159 474 multa
1174 411 1217 472 la·

140 495 226 555 ciunt
240 511 329 573 saepe
344 493 556 556 vehementius.
588 493 712 572 Semper
726 493 798 555 dian
813 495 908 570 sortis,
923 495 1102 558 fortissimus
1117 505 1216 558 tamen

141 580 171 640 in
188 579 306 654 lurore;

208 663 286 725 Nem
301 663 418 743 fecisses
432 662 501 742 fecit
516 666 698 736 metanensem,
714 682 779 726 cnm
795 662 909 727 anes'e
923 663 1133 728 e'nclindete‘dns

104 761 117 811 5
205 747 357 810 Semmdm
370 768 432 812 rens
443 750 574 829 perfecit,
592 766 682 812 mone
698 751 752 812 sed
765 753 891 812 restitnit
901 750 1046 830 proelium

205 833 369 896 recensens.
497 889 499 897 .

228 919 364 982 Dicamus
379 919 470 999 igitur
486 919 585 982 utilem
601 916 769 980 insaniam?
799 918 905 980 Tracta
926 919 1115 984 definitiones
1134 920 1219 982 lorti·
1233 885 1271 1018 ἒξ

139 1004 263 1080 tudinis,
284 1004 438 1084 intelleges
452 1023 517 1066 eam
532 1003 684 1066 stomacho
701 1022 763 1065 nen
779 1021 875 1081 egere.
906 1003 1061 1068 Fortitudo
1073 1016 1118 1068 cst
1132 1006 1221 1085 igitur

140 1089 269 1151 adlectio
288 1090 379 1152 animi
394 1090 451 1169 legi
473 1108 604 1152 summae
624 1089 654 1150 in
677 1088 879 1169 perpetiendis
898 1089 989 1152 rebus
1011 1091 1221 1171 obtemperans

90 1187 118 1239 te
138 1175 186 1236 vel
207 1175 390 1238 conservatio
414 1175 524 1236 stabilis
547 1174 645 1236 iudicii
667 1173 698 1235 in
723 1173 765 1237 eis
787 1173 894 1247 rebus,
918 1192 994 1252 qnae
1014 1176 1221 1240 formidolosae

139 1260 296 1335 videntur,
317 1260 481 1322 subeundis
496 1269 525 1320 et
539 1259 719 1339 repellendis
733 1259 778 1320 vel
793 1259 916 1320 scientia
932 1277 1033 1320 rerum
1048 1261 1220 1326 formidolo-

140 1363 242 1407 sarum
260 1347 536 1425 contrariarumque
558 1353 610 1406 aut
631 1345 755 1406 omnine
772 1343 1022 1424 neglegendarum
1044 1364 1222 1410 conservans

142 1449 246 1492 earum
257 1447 358 1492 rerum
370 1430 473 1492 stabile
485 1429 635 1504 iudicium,
651 1429 696 1490 rel
707 1429 835 1505 brevius,
852 1441 886 1492 ut
899 1430 1082 1512 Chrysippus
1097 1465 1140 1476 -
1153 1451 1221 1492 nam

141 1516 313 1596 superiores
334 1516 524 1578 definitiones
546 1525 631 1577 erant
653 1515 792 1596 Sphaeri,
815 1515 945 1578 hominis
967 1518 997 1578 in
1020 1516 1124 1596 primis
1144 1517 1222 1580 hene

91 1613 117 1663 15
142 1601 329 1674 definientis,
352 1611 386 1662 nt
401 1609 506 1680 putant
522 1601 629 1676 Stoici;
651 1610 724 1662 sunt
738 1601 818 1662 enim
835 1601 957 1663 omnino
980 1620 1084 1663 omnes
1105 1603 1167 1664 sere
1182 1602 1223 1664 si·

141 1687 242 1760 miles,
265 1686 316 1749 sed
332 1686 485 1748 declarant
506 1685 671 1748 communis
686 1686 827 1748 notiones
846 1686 900 1747 alia
922 1687 1015 1766 magis
1036 1686 1090 1748 alia
1104 1720 1147 1732 -
1163 1705 1222 1768 quo

140 1771 232 1834 modo
253 1771 345 1849 igitur
360 1769 563 1852 Chrysippus?
593 1771 747 1832 Fortitudo
764 1781 824 1843 est,
844 1770 958 1850 inquit,
978 1772 1100 1833 scientia
1122 1791 1222 1834 rernm

141 1855 388 1938 perferendarum
398 1856 444 1918 vel
460 1856 586 1917 adlectio
598 1855 688 1917 animi
704 1856 734 1916 in
748 1855 888 1936 patiendo
901 1875 934 1918 ac
947 1857 1125 1936 perferendo
1141 1876 1222 1920 snm·

142 1961 208 2006 mae
224 1941 282 2020 legi
296 1960 406 2021 parens
421 1941 486 2004 sine
501 1942 616 2003 timore.
647 1940 786 2012 Quamvis
800 1941 870 2002 licet
883 1940 1065 2003 insectemur
1080 1941 1167 2016 istos,
1190 1952 1223 2004 ut

178 2078 202 2127 4.
222 2072 330 2135 facinus
352 2073 419 2136 fecit
436 2080 496 2140 cet,
516 2075 661 2140 jembische
713 2069 844 2144 ἀνδρείαν
856 2069 1009 2142 ἐπιστήμην
1020 2071 1071 2145 φὴς
1083 2070 1182 2130 δεινῶν
1193 2095 1223 2129 τι

145 2142 285 2205 Oktonare,
303 2143 374 2196 viell.
395 2159 442 2196 ans
459 2141 596 2196 Pacuvius.
712 2145 758 2194 nel
777 2140 1043 2214 suplementum.

179 2211 392 2277 inclinantibus,
422 2212 448 2264 in
482 2211 527 2264 der
555 2211 660 2264 Militis·
746 2216 795 2264 aut
806 2215 913 2263 omnine
921 2211 1158 2278 neglegendarum,
1171 2211 1195 2266 d.
1206 2211 1223 2267 i.

145 2279 252 2347 sprache
275 2279 314 2332 als
330 2278 521 2332 lotrensltivnm
542 2273 661 2333 ‘surdelt-
711 2278 756 2330 der
782 2273 846 2332 ἀδι’
870 2297 928 2350 opu.
964 2281 1036 2332 Nach
1053 2280 1110 2333 dem
1129 2280 1224 2347 griecb.

146 2337 285 2408 weichen'3
304 2362 334 2400 so
352 2348 394 2400 bei
413 2348 465 2400 hir.
485 2349 560 2402 diter.
712 2346 826 2414 Originel
870 2352 948 2401 doute
973 2363 1032 2401 men
1050 2355 1076 2400 et
1094 2354 1158 2402 statt
1176 2354 1225 2400 net

181 2419 205 2468 5.
232 2431 363 2468 nemmem
388 2433 445 2468 rens
468 2441 502 2463 =
520 2420 660 2469 uniuersae
712 2421 853 2481 erwarten,
879 2417 939 2468 eber
957 2417 1008 2469 Cic.
1029 2417 1074 2470 hat
1092 2418 1156 2482 sich,
1173 2418 1224 2469 wie

146 2485 312 2550 reipublicae
324 2487 447 2538 salntem.
461 2476 520 2536 ‘Als
533 2484 578 2538 der
589 2483 660 2538 Grie-
712 2484 778 2535 auch
802 2484 847 2536 der
864 2485 956 2536 Zusetz
979 2489 1088 2538 omnino
1106 2486 1224 2550 beweiet,

147 2553 212 2604 chen
229 2549 325 2604 Schille
343 2552 478 2617 brannten,
496 2569 550 2604 wer
567 2553 593 2604 in
612 2554 661 2606 sei·
712 2551 785 2604 nicht
801 2567 884 2618 genae
897 2551 995 2604 danech
1007 2553 1133 2619 gerichtet
1145 2569 1169 2605 u.
1182 2553 1224 2606 die

147 2635 207 2672 nem
225 2619 286 2670 Arm
309 2620 354 2672 das
372 2617 445 2672 Heil'
470 2621 528 2686 Vgl.
546 2621 619 2673 ilem.
631 2621 659 2673 ll.
712 2611 850 2689 ἀδιάφορα
862 2619 900 2670 als
913 2620 986 2672 einen
1005 2622 1116 2674 eweilen
1128 2621 1224 2687 Haupt·

146 2687 202 2740 XV.
216 2690 264 2740 727
276 2703 332 2755 sqq.
351 2687 390 2740 An
401 2688 602 2741 denWahnsinn
615 2688 660 2741 des
713 2686 758 2739 tell
780 2688 829 2740 den
847 2687 960 2753 Diogen,
979 2688 1079 2740 welche
1095 2688 1162 2740 nach
1180 2688 1225 2741 der

146 2757 214 2821 Ajax
226 2756 262 2806 ist
278 2756 333 2808 hier
351 2757 422 2809 nicht
438 2772 470 2808 zu
489 2756 590 2809 denhen
610 2756 661 2808 und
714 2756 788 2807 einen
813 2753 875 2806 oder
899 2754 1008 2807 anderen
1032 2755 1101 2808 Seite
1126 2757 1167 2808 ein
1185 2755 1224 2809 ln-

146 2829 176 2876 in
194 2823 290 2886 furore
302 2823 423 2878 bedentet
440 2825 547 2889 (ebenso
559 2825 609 2876 wie
621 2828 662 2876 s'n·
714 2829 810 2876 teresse
827 2822 969 2886 einssdlsen,
988 2827 1224 2890 entgegengesetzt.

147 2894 279 2954 rendered:
297 2893 322 2944 in
342 2892 386 2944 der
404 2893 534 2946 Zornwnt.
751 2894 789 2944 13.
810 2890 981 2958 Chrysippus,
1004 2891 1224 2956 s.znl.45,108.

183 2964 206 3012 1.
231 2960 329 3012 Tracta
346 2956 440 3014 ‘Nimm
458 2957 528 3024 vor',
554 2960 610 3013 also
628 2985 663 3006 =
752 2963 790 3012 14.
815 2959 959 3026 Sphaerus,
983 2973 1042 3012 vom
1063 2959 1225 3012 threciechen

148 3030 299 3083 considere.
317 3027 416 3095 Wegeu
430 3029 474 3082 der
487 3029 604 3082 Structur
616 3028 662 3081 des
714 3025 854 3094 Bosporus,
866 3029 907 3079 ein
922 3026 1029 3080 Scht'rler
1038 3027 1130 3093 Zenos,
1142 3027 1224 3081 lehrte

148 3096 239 3149 Satzes
257 3111 277 3148 s.
290 3097 308 3149 l.
323 3099 362 3163 13,
375 3099 408 3150 30
426 3114 458 3150 nu
480 3097 560 3150 Tolle.
714 3099 799 3147 znerst
816 3096 842 3146 in
858 3093 1025 3161 hacedl'nncn,
1044 3095 1111 3149 denn
1129 3096 1225 3148 inille-

184 3164 663 3228 8.stesnacho=ira(wieauehoben
714 3162 827 3215 rendrie.

149 3235 192 3297 21,
203 3235 237 3285 48
249 3234 421 3299 senuerant
438 3232 509 3285 nicht
521 3233 616 3296 selten;
634 3233 661 3286 in
749 3233 789 3282 15.
798 3234 906 3282 omnine
917 3229 971 3283 hier
980 3224 1227 3284 hennensivr‘aller-

148 3300 275 3367 gleichern
294 3299 373 3354 Sinne
391 3301 503 3354 nnchher
519 3304 615 3353 redies.
715 3297 790 3363 dings
806 3324 841 3345 ε
858 3291 949 3353 zwer'.

183 3371 207 3422 9.
215 3369 270 3433 legi
280 3384 406 3433 summae,
416 3369 440 3422 d.
448 3369 473 3423 h.
481 3368 661 3422 derVernunll.
749 3369 789 3420 16.
821 3370 968 3419 communis
993 3369 1124 3419 nationes.
1164 3364 1226 3419 Deis

183 3439 214 3488 in
233 3438 416 3502 perpetiendis
440 3440 535 3503 rebus,
561 3451 597 3490 sc.
616 3437 663 3488 ad-
714 3435 786 3488 nicht
798 3434 960 3500 Stoicorum,
979 3435 1090 3488 sondern
1107 3437 1227 3486 emnium

150 3507 242 3556 versis.
714 3505 851 3556 hominnm
873 3501 1085 3557 hinzuzudenken
1113 3503 1161 3568 ist,
1187 3517 1226 3554 er—

185 3574 226 3627 12.
240 3575 448 3636 contraries-uns,
466 3571 490 3624 d.
504 3572 520 3624 i.
538 3588 593 3624 nen
605 3571 663 3634 for·
714 3572 786 3638 gicht
799 3572 852 3625 sich
868 3587 915 3624 aus
929 3571 986 3624 dem
998 3569 1159 3638 Folgenden:
1178 3586 1226 3622 ne—

149 3641 350 3693 mideloserunr.
364 3640 662 3706 Slcb.Ecl.eth.p.104:
716 3643 815 3692 tionem
837 3645 970 3701 nestram,
997 3654 1079 3703 quens
1102 3640 1227 3690 habemns

150 3703 319 3778 ἀνδρείαν
344 3703 379 3760 δὲ
402 3703 427 3774 (e‘
452 3705 553 3774 Ζήνων
580 3710 665 3778 φησὶν
717 3723 826 3760 omncs
844 3709 875 3759 de
889 3706 1055 3768 fertitudine
1073 3711 1168 3758 teclam
1186 3710 1227 3757 at·

150 3775 231 3842 εἶναι)
262 3775 416 3844 ἐπιστήμην
447 3773 575 3829 δεινῶν
607 3779 665 3828 καὶ
716 3792 766 3842 que
783 3777 941 3828 involutam.

149 3841 186 3910 qd
220 3840 347 3897 δεινῶν
375 3848 432 3896 καὶ
462 3840 663 3912 οὐδετέρων.
752 3847 790 3896 17.
809 3847 905 3910 igilur,
924 3842 974 3894 wie
993 3844 1054 3907 5,e.

150 3912 261 3966 Ahulich
278 3910 354 3965 Plato
372 3913 407 3966 im
419 3912 494 3966 Lech.
510 3914 526 3978 5
540 3914 584 3964 67:
607 3907 661 3978 Τήν
752 3914 791 3966 19.
810 3911 936 3976 Quamvis
950 3909 1012 3962 licet
1022 3913 1182 3964 insectemur
1193 3930 1229 3952 ==
