2800 4476
529 243 625 298 LIBER
641 244 672 296 V.
692 247 732 309 16,
742 245 784 297 46.
917 285 920 292 .
1128 239 1188 300 127

121 419 381 498 integerrimisque
396 417 548 493 sensibus,
572 416 645 480 adde
661 417 763 491 etiam,
785 417 810 478 si
831 416 917 490 libet,
940 416 1146 496 pernicitatem
1162 429 1192 481 et
1278 445 1281 452 ’

120 504 316 578 velocitatem,
328 504 363 564 da
376 503 498 577 divitiae,
510 505 649 577 honores,
661 502 793 582 imperia,
810 521 891 582 opes,
907 502 1047 581 gloriam:
1063 502 1088 564 si
1102 504 1192 566 luerit

121 591 155 664 is,
172 589 224 668 qui
234 589 308 650 baec
323 588 420 660 habet,
435 589 571 664 iniustus,
586 589 797 667 intemperans,
813 587 941 660 timidus,
957 587 1055 649 hebeti
1071 587 1191 666 ingenio

122 686 212 754 atque
235 674 335 748 nullo,
363 673 551 736 dubitabisne
575 691 643 734 eum
670 673 810 735 miserum
832 670 951 735 dicere?
979 672 1082 744 Qualia
1104 674 1192 752 igitur

83 773 99 822 o
120 762 175 824 ista
193 759 272 821 bone
294 767 375 832 sunt,
396 777 470 838 quae
487 759 537 838 qui
552 759 659 820 habeat
673 758 857 820 miserrimus
873 777 937 821 esse
952 757 1067 838 possit?
1088 759 1192 821 Videa-

122 863 189 907 mus
212 864 264 918 ne,
286 855 320 906 ul
340 863 462 906 acervus
484 863 520 906 ex
542 845 586 906 sui
602 843 721 922 generis
737 843 850 922 granis,
870 843 1009 906 siebeata
1023 844 1080 906 vita
1095 864 1131 907 ex
1147 847 1193 908 sui

122 930 268 993 similibus
282 929 416 1009 partibus
431 929 509 991 ellici
523 929 637 990 debeat.
670 928 757 1000 Quod
772 928 810 990 sit
823 928 862 990 ita
878 939 937 1003 est,
954 947 990 990 ex
1005 929 1101 1004 bonis,
1116 950 1192 1010 quae

5 1085 6 1098 ,
123 1016 185 1078 sola
200 1015 324 1076 honesta
338 1023 423 1089 sunt,
443 1014 632 1076 efficiendum
648 1024 693 1076 est
706 1013 840 1089 beatum;
862 1032 895 1074 ea
911 1014 1001 1074 mixta
1016 1033 1052 1076 ex
1067 1016 1194 1078 dissimi-

5 1105 6 1162 l
122 1101 202 1164 libus
216 1100 241 1162 si
256 1109 358 1175 erunt,
380 1101 539 1162 honestum
556 1119 591 1161 ex
606 1099 642 1160 iis
657 1098 735 1160 ellici
751 1098 824 1160 nihil
839 1098 963 1177 poterit,
986 1117 1046 1177 qno
1062 1102 1193 1164 detracto

5 1169 6 1238 i
71 1199 101 1249 to
122 1186 193 1266 quid
206 1185 315 1266 poterit
325 1185 445 1248 beatum
458 1182 612 1265 intellegi?
633 1183 752 1246 Etenim
764 1183 904 1262 quicquid
917 1192 970 1256 est,
992 1185 1194 1263 qnodbonum

123 1271 171 1346 sit,
188 1271 217 1332 id
230 1272 429 1350 expetendum
439 1278 496 1346 est;
515 1271 594 1348 quod
609 1279 708 1331 autem
723 1270 929 1348 expetendum,
946 1269 973 1329 id
990 1278 1070 1330 certe
1086 1273 1193 1350 adpro·

123 1357 272 1431 bandum;
293 1356 372 1434 quod
388 1374 458 1417 vero
473 1355 656 1434 adprobatis,
677 1355 707 1416 id
722 1363 838 1434 gratum
854 1361 1067 1433 acceptumque
1081 1356 1195 1417 haben-

124 1443 212 1516 dnm;
228 1460 299 1520 ergo
315 1443 402 1502 etiam
417 1440 545 1519 dignitas
560 1441 587 1501 ei
602 1439 760 1502 tribuenda
775 1448 828 1502 est.
866 1438 952 1510 Quod
967 1439 992 1500 si
1007 1440 1047 1501 ite
1063 1453 1116 1515 est,
1132 1441 1195 1502 lau·

124 1527 222 1589 debile
243 1527 280 1588 sit
303 1545 424 1588 necesse
446 1536 505 1599 est;
527 1525 641 1587 bonum
663 1525 752 1604 igitur
772 1543 861 1586 omne
882 1523 1036 1586 laudabile.
1069 1525 1114 1587 Ex
1135 1545 1195 1605 quo

72 1625 102 1674 15
124 1613 262 1685 efficitur,
278 1621 320 1686 ut,
336 1611 415 1690 quod
430 1611 468 1672 sit
482 1611 651 1685 honestum,
671 1611 700 1672 id
716 1611 754 1672 sit
768 1610 864 1672 solum
881 1609 1003 1672 bonum.

211 1695 298 1768 Quod
314 1696 345 1757 ni
363 1697 403 1757 ita
423 1695 607 1776 tenebimus,
627 1697 718 1757 multa
737 1705 835 1769 erunt,
858 1713 934 1774 quae
955 1695 1042 1758 nobis
1056 1695 1136 1758 bona
1150 1696 1195 1758 di·
1212 1680 1247 1734 ¹⁶

125 1783 221 1844 cende
241 1783 317 1858 sint;
340 1781 443 1842 omitto
464 1782 593 1855 divitias,
616 1800 689 1861 quas
710 1799 777 1842 cum
799 1781 894 1859 quivis
909 1781 1041 1859 quemvis
1056 1782 1197 1860 indignus
1218 1761 1247 1810 ⁴⁶

124 1867 236 1928 babere
251 1867 359 1947 possit,
381 1867 412 1927 in
428 1866 517 1929 bonis
532 1886 593 1929 non
610 1884 752 1943 numero,
773 1865 853 1944 quod
869 1865 948 1930 cuim
963 1874 1008 1926 est
1022 1865 1151 1941 bonnm,
1167 1867 1197 1928 id

127 1972 190 2014 non
212 1953 307 2031 quivis
328 1951 437 2013 babere
455 1960 568 2031 potest3
591 1951 695 2012 omitto
718 1950 900 2013 nobilitatem
915 1951 1081 2031 famamque
1102 1971 1199 2033 popu-

76 2050 106 2100 20
127 2039 220 2099 larem
249 2037 406 2098 stultorum
434 2036 701 2117 improborum'que
732 2055 882 2098 consensu
914 2035 1083 2113 excitatam3
1115 2038 1198 2106 baec,

127 2142 202 2203 quae
225 2133 294 2184 sunt
315 2122 452 2196 minima,
472 2132 570 2184 tamen
587 2121 666 2183 bone
681 2122 818 2182 dicantur
833 2139 955 2182 necesse
970 2133 1030 2197 est,
1052 2123 1200 2184 candiduli

127 2211 249 2281 dentes,
270 2208 386 2269 venusti
407 2207 502 2282 oculi,
526 2208 607 2268 color
633 2207 730 2269 suavis
747 2216 777 2268 et
792 2225 840 2280 ea,
862 2224 937 2285 quae
954 2207 1085 2270 Anticlea
1101 2208 1201 2270 laudat

126 2293 205 2356 Ulixi
219 2293 311 2373 pedes
324 2291 459 2368 abluens,

352 2375 493 2440 lenitudo
508 2381 659 2450 orationis,
674 2375 824 2440 mollitudo
840 2380 978 2456 eorporis.

169 2567 193 2616 3.
216 2565 302 2613 babuli
320 2565 431 2628 ingentio
454 2569 533 2628 atque
555 2563 640 2614 nullo.
690 2565 748 2613 cita
757 2563 846 2613 immer
856 2575 903 2612 nur
912 2560 992 2612 durch
1004 2560 1050 2612 das
1062 2563 1202 2612 honestum

127 2630 188 2683 blan
214 2630 322 2682 beachte
349 2631 391 2682 die
415 2629 569 2697 Steigerung
594 2631 641 2681 mit
692 2629 769 2681 alleio
787 2628 899 2680 bewirlrt
911 2627 1022 2679 werden.
1048 2626 1082 2678 ldi
1095 2629 1207 2678 Etenim-

128 2705 216 2765 utque.
243 2697 279 2750 So
291 2698 323 2749 de
335 2698 385 2764 leg.
397 2697 437 2750 111.
450 2700 546 2763 14,32:
558 2701 642 2762 pauci
691 2697 799 2762 beginnt
816 2695 908 2747 darauf
925 2694 996 2746 nicht
1014 2695 1071 2746 eine
1088 2694 1203 2761 Begrdn·

129 2773 209 2834 atquc
226 2766 370 2818 admodum
391 2768 487 2839 paoem
512 2764 580 2816 Orat
600 2767 641 2829 16,
693 2763 762 2829 dung
775 2763 820 2815 des
832 2761 1202 2828 unmitlelbarVorbergehen-

129 2837 175 2889 52:
194 2851 250 2886 rem
267 2832 408 2896 difficilem
425 2839 505 2899 atque
523 2835 641 2884 omnium
692 2831 750 2896 den,
768 2830 878 2884 sondern
889 2830 930 2882 eiu
943 2845 1022 2882 neuen
1033 2829 1143 2894 Roneis,
1157 2831 1202 2882 der

128 2902 329 2965 difficillimam.
368 2899 460 2967 lidufig
481 2901 549 2953 steht
573 2899 640 2952 daun
691 2901 753 2952 aber
770 2898 837 2950 doch
854 2912 901 2950 nur
925 2898 982 2949 eine
1000 2896 1202 2965 Wiederholung

128 2972 194 3022 adeo
213 2969 275 3021 oder
291 2972 372 3020 etiam
389 2969 473 3021 dabei.
690 2984 743 3020 von
767 2967 846 3034 543:
870 2968 959 3031 Atque
984 2969 1065 3017 etiam
1087 2971 1136 3018 cet.
1159 2966 1201 3020 ist.

163 3043 187 3091 5.
197 3037 342 3090 Videamus
352 3054 385 3088 ne
393 3066 436 3102 —,
448 3052 469 3090 s.
479 3051 511 3087 zu
520 3036 538 3087 l.
548 3038 581 3089 34
599 3038 640 3089 83.
690 3035 749 3102 Vgl.
767 3050 801 3086 zu
817 3033 854 3087 lll.
873 3037 897 3098 9,
916 3036 957 3088 26.

163 3108 187 3161 6.
209 3105 266 3156 cola
289 3105 380 3171 gebdrt
402 3105 473 3158 nicht
495 3119 552 3156 zum
574 3075 640 3156 iub·
726 3107 766 3159 17.
791 3105 924 3170 quamvis,
949 3101 1001 3169 vgl.
1026 3100 1067 3155 lV.
1093 3104 1134 3168 26,
1153 3105 1200 3154 57:

124 3175 184 3240 J'elrt
201 3189 283 3239 quac,
300 3173 410 3226 sondern
428 3187 486 3225 zum
504 3170 639 3233 Pridilrat;
690 3175 812 3237 quamvis
828 3169 902 3234 fuse,·
923 3172 1066 3237 indignus,
1089 3171 1202 3235 absolut,

128 3243 196 3295 aleo:
211 3234 270 3293 ‘aus
288 3241 394 3294 solchen
411 3241 516 3306 Gdtern,
538 3241 639 3293 welche
691 3241 741 3292 wie
757 3239 799 3292 IV.
818 3242 859 3303 20,
878 3241 919 3292 46.

128 3312 184 3364 rein
201 3309 326 3361 eittlicber
344 3310 391 3362 Art
408 3301 486 3361 eind'.
725 3311 765 3362 21.
783 3300 995 3374 minima‘llinge
1011 3321 1063 3361 von
1081 3307 1139 3358 eebr
1157 3321 1201 3372 ge·

163 3381 276 3443 beatum,
294 3378 430 3442 substant,
451 3392 495 3430 zur
512 3376 641 3428 Abwech-
690 3377 788 3444 ringem
806 3366 915 3428 Werte’.

130 3447 221 3512 selung
239 3447 279 3498 fur
298 3448 375 3498 beata
392 3450 457 3500 atita.
493 3444 528 3497 So
544 3443 576 3496 de
593 3442 638 3496 fin.
724 3445 865 3497 candiduli
881 3445 980 3508 dudae,
996 3441 1043 3493 das
1055 3439 1201 3493 Deminutiv

129 3513 159 3566 V.
178 3517 220 3579 28,
239 3517 285 3568 84:
309 3517 450 3578 virtutem,
473 3516 504 3564 in
526 3528 580 3580 qua
604 3515 641 3562 sit
691 3513 829 3581 spottiscb:
851 3505 963 3563 ‘bdbscb
985 3509 1076 3561 weilse
1093 3499 1200 3560 Zihne'.

129 3586 217 3648 ipsuum
239 3587 321 3635 etlam
345 3587 458 3636 beatum.
491 3580 572 3633 Dasdr
594 3580 640 3632 bat
725 3583 767 3635 22.
784 3580 910 3632 Anticlea
934 3593 988 3629 war
1005 3576 1051 3628 des
1069 3575 1201 3643 Odysseus

130 3651 218 3703 (licero
236 3652 321 3718 opiter
337 3653 378 3718 (de
391 3653 460 3704 deor.
473 3667 498 3703 n.
510 3650 528 3701 l.
542 3650 583 3712 34,
595 3650 638 3714 95)
689 3648 793 3702 lllntler.
828 3647 916 3699 (licere
934 3646 979 3698 bat
994 3644 1049 3696 sich
1060 3644 1199 3696 vereeben:

130 3720 243 3772 beatitas
253 3720 303 3772 und
311 3721 446 3773 beatitudo
455 3733 506 3770 nen
516 3716 640 3784 gebildet.
691 3711 1200 3781 ermeintedielluryclea,seinedmme.

129 3785 189 3855 Vgl.
206 3803 239 3839 zu
256 3787 284 3840 ll.
303 3793 326 3851 5,
346 3791 389 3842 13:
406 3787 498 3839 simili.
725 3785 766 3839 24.
782 3782 915 3836 beatitudo
929 3787 987 3842 cet,
1006 3795 1052 3832 aus
1064 3777 1199 3832 Pacuvius'

164 3858 188 3910 9.
201 3857 399 3908 donoctumcet
426 3853 558 3918 Ricbtiger
570 3854 639 3904 wire
690 3851 790 3920 Niptra
808 3857 838 3917 (s.
855 3850 883 3903 ll.
902 3852 944 3915 21,
960 3851 1012 3914 48).
1050 3847 1106 3915 Vgl.
1125 3847 1200 3901 Hom.

130 3922 174 3975 der
184 3922 299 3976 Scbluls:
312 3939 341 3976 so
354 3924 418 3976 wird
431 3923 497 3976 doch
509 3921 550 3974 die
562 3924 640 3972 beata
691 3920 738 3973 0d.
755 3919 819 3973 lllll.
838 3920 888 3972 386
897 3933 936 3985 sq.
