2804 4474
209 223 249 282 38
507 225 601 280 nunu
618 226 657 280 ru.
675 229 766 290 maa.
777 230 818 282 so.
836 228 927 294 naso.

210 398 302 460 otium
325 401 453 478 negotiis
476 398 603 479 publicis
625 399 835 473 antetuleruut
863 399 1038 460 nominatim
1060 399 1118 459 vita
1140 399 1299 470 laudatur,

209 502 266 544 nec
277 484 381 546 siletur
394 485 465 546 illud
480 484 677 566 potentissimi
693 485 771 563 regis
785 495 986 563 anapaestum,
1002 483 1053 562 qni
1067 484 1168 545 laudat
1182 503 1297 546 senem

209 579 239 631 et
260 569 444 631 fortunatum
468 590 532 633 esse
555 570 641 644 dicit,
664 571 744 648 quod
759 570 904 648 inglorius
918 570 956 632 sit
976 580 1064 649 atque
1086 569 1228 649 ignobilis
1251 570 1294 630 ad

155 664 185 716 58
207 673 378 734 supremum
401 655 480 718 diem
501 664 708 735 perventurus.
740 655 882 716 Similiter
898 655 1165 716 commemorandis
1183 674 1293 716 exem-

207 740 265 819 plis
286 741 428 802 orbitates
450 760 568 821 quoque
583 739 711 802 liberum
726 741 935 819 praedicantur
949 758 1127 817 eorumque,
1150 741 1203 818 qui
1219 758 1293 820 gra·
1321 750 1338 798 5

206 825 270 886 vius
292 827 409 899 ierunt,
431 827 528 888 luctus
554 827 678 888 aliorum
701 825 842 905 exemplis
864 825 1033 898 leniuntur;
1062 826 1105 886 sic
1128 827 1290 905 perpessio

207 920 374 971 ceterorum
388 912 457 972 lacit
469 921 500 972 ut
512 930 556 985 ea,
568 930 644 990 quae
656 911 825 984 acciderint,
837 911 931 971 multo
942 911 1056 971 minora
1068 929 1159 989 quam
1172 919 1289 989 quanta

205 996 267 1055 sint
285 996 446 1057 existimata
467 997 631 1058 videantur.
665 996 708 1057 lta
725 997 758 1056 nt
773 997 893 1069 sensim,
914 995 1112 1075 cogitantibus
1134 1004 1166 1055 ut
1187 1015 1288 1076 quan-

206 1090 268 1140 tum
283 1081 321 1142 sit
335 1082 475 1142 ementita
490 1081 593 1162 opinio
609 1092 757 1161 appareat.
784 1081 880 1160 Atque
895 1082 952 1142 hoc
967 1081 1045 1142 idem
1059 1090 1090 1142 et
1100 1081 1224 1142 Telamo
1234 1081 1285 1142 ille

205 1164 349 1228 declarat:
427 1232 433 1250 ,
1314 1174 1347 1226 10

410 1251 468 1332 Ilpa
484 1272 549 1314 cnm
562 1256 702 1331 genui-

206 1344 234 1396 et
250 1335 398 1398 Theseus:

409 1422 538 1485 Futdras
552 1441 662 1484 mecum
677 1419 890 1482 commentabar
903 1423 1041 1490 miserias,

205 1513 235 1568 ct
255 1507 458 1585 Anaxagoras:
482 1507 610 1568 Sciebam
624 1526 669 1568 ma
689 1510 819 1586 pendisse
834 1504 993 1566 mortalem.
1023 1503 1061 1564 lli
1076 1505 1157 1566 enim
1174 1524 1283 1566 omnes

204 1590 255 1656 diu
276 1591 439 1668 cogitantes
462 1593 497 1653 de
519 1593 609 1653 rebus
631 1591 767 1652 humanis
788 1588 999 1667 intellegebant
1020 1608 1069 1650 eas
1091 1609 1285 1669 nequaquam
1308 1601 1340 1652 15

204 1694 260 1754 pro
282 1676 423 1755 opinione
440 1677 515 1756 volgi
531 1696 594 1738 esse
610 1676 852 1738 extimescendas.
889 1674 927 1734 Et
944 1675 1015 1735 mibi
1030 1675 1147 1752 quidem
1164 1676 1284 1736 videtur

203 1760 281 1821 idem
304 1763 366 1822 fere
387 1763 520 1824 accidere
542 1762 593 1835 iis,
617 1762 667 1841 qui
689 1770 759 1822 ante
779 1761 970 1830 meditantur,
994 1760 1073 1838 quod
1096 1760 1145 1830 iis,
1170 1761 1283 1841 quibus

204 1847 338 1906 medetur
348 1847 421 1920 dies,
435 1848 491 1909 nisi
503 1847 582 1926 quod
595 1848 670 1908 ratio
681 1846 823 1924 quaedam
836 1845 1005 1918 scamillos,
1020 1846 1074 1906 bos
1086 1845 1150 1923 ipsa
1162 1854 1281 1919 natura,

203 1930 353 1992 intellecto
374 1951 424 2006 eo,
448 1934 528 2011 quod
543 1951 607 1993 rem
628 1931 772 2004 continet,
794 1929 865 1991 illud
881 1930 1005 2004 malum,
1027 1931 1106 2007 quod
1122 1931 1281 2010 opinatum

204 2015 243 2076 sit
263 2034 327 2077 esse
348 2036 534 2090 maxumum,
558 2034 745 2096 nequaquam
766 2035 830 2077 esse
851 2024 981 2087 tantum,
1004 2024 1037 2074 nt
1057 2015 1145 2076 vitam
1161 2016 1280 2077 beatam
1305 2026 1336 2076 bn

152 2105 181 2155 itt
204 2101 298 2180 possit
313 2112 454 2163 evertere.
493 2103 557 2162 Hoc
573 2103 663 2181 igitur
678 2102 813 2172 efficitur,
830 2111 862 2160 ut
877 2118 913 2159 ox
928 2099 977 2160 illo
994 2101 1173 2178 necopinato
1189 2103 1279 2182 plaga

204 2186 297 2246 maior
308 2187 355 2260 sit,
372 2207 444 2260 non,
459 2196 492 2247 ut
506 2186 546 2247 illi
563 2198 677 2266 putant,
695 2196 736 2258 ut,
752 2205 817 2247 cum
834 2184 951 2246 duobus
966 2204 1051 2264 pares
1067 2203 1152 2246 casus
1167 2205 1279 2250 evene·

203 2271 274 2342 rint,
299 2271 323 2331 is
344 2271 433 2332 modo
456 2271 641 2349 aegritudine
664 2272 831 2342 adficiatur,
855 2271 902 2331 cui
925 2270 974 2330 ille
990 2270 1171 2349 necopinato
1187 2289 1278 2334 casus

203 2356 343 2415 evenerit.
367 2357 467 2435 ltaque
480 2358 621 2417 dicuntur
633 2376 693 2417 non
708 2357 779 2417 nulli
793 2357 822 2416 in
836 2373 978 2428 maerore,
994 2373 1061 2415 cum
1074 2356 1174 2416 dehac
1190 2375 1277 2416 com-

202 2440 285 2500 muni
308 2441 462 2502 hominum
484 2442 660 2503 condicione
682 2441 875 2514 audivissent,
897 2458 931 2500 ea
947 2439 1011 2519 lege
1028 2458 1091 2500 esse
1108 2461 1161 2501 nos
1177 2449 1276 2514 natos,
1303 2451 1334 2500 25

202 2532 235 2585 ut
257 2543 345 2586 nemo
367 2527 592 2608 inperpetuum
617 2547 682 2588 esse
704 2537 805 2606 posset
820 2543 925 2605 expers
941 2525 1024 2597 mali,
1047 2527 1162 2603 gravius
1184 2527 1276 2588 etiam

200 2608 312 2671 tulisse.

148 2701 187 2758 25
290 2696 437 2767 Quocirca
449 2696 623 2770 Carneades,
639 2707 673 2757 ut
686 2697 770 2757 video
786 2703 920 2756 nostrum
936 2692 1067 2754 scribere
1083 2696 1275 2770 Antiochum,

245 2833 279 2912 l.³
289 2833 448 2881 nominatim
472 2824 528 2881 ‘mit
551 2831 711 2882 Namennen·
797 2832 821 2882 9.
842 2829 947 2881 Telamo
970 2831 1023 2894 ille,
1042 2846 1062 2881 s.
1082 2831 1122 2892 13,
1142 2831 1188 2888 28:
1211 2829 1275 2880 The-

201 2911 347 3014 nalpinam
357 2993 391 3001 -
403 2970 591 3029 anapaestum,
606 2966 711 3030 cigentl.
762 2913 838 3019 mli.
849 2901 890 3016 ldie,
904 2899 990 3015 'im
990 2913 1147 3030 7211120133ζῖ
1153 2901 1274 3018 ‚upplpctp

200 3029 323 3094 Adjektiv
340 3031 416 3093 (dena
433 3036 621 3099 anapaesticus
638 3034 713 3085 bran·
763 3033 826 3084 dber
839 3032 884 3084 dns
897 3033 1075 3097 mannigiache
1087 3031 1215 3098 Unglnclr,
1229 3034 1274 3086 das

200 3098 265 3150 chen
291 3103 351 3164 gule
376 3099 561 3152 Sabriitsteller
579 3117 608 3153 so
628 3101 712 3166 wenig
764 3100 812 3152 den
831 3101 968 3152 Menschen
982 3101 1070 3153 treffen
1089 3100 1167 3152 kann.

201 3165 253 3216 wie
274 3167 475 3232 philosophicae
496 3169 548 3220 und
565 3170 712 3235 philologi-
799 3171 839 3222 18.
857 3169 922 3234 dies,
941 3171 990 3222 wie
1011 3171 1050 3232 16,
1069 3171 1109 3222 35.

201 3249 254 3295 mas,
272 3233 325 3300 vgl.
344 3233 371 3286 ll.
391 3238 431 3296 16,
449 3237 494 3288 3⁵1:
517 3240 576 3288 sine
593 3253 708 3302 anapae·
797 3238 836 3289 19.
855 3237 929 3302 quod
944 3253 1001 3287 rein
1019 3240 1151 3288 continet:
1162 3232 1276 3288 ‘woradi

199 3303 247 3351 elis
255 3303 384 3366 pedihus),
393 3304 500 3369 anginae
508 3321 624 3356 carmen.
640 3307 708 3370 Aga·
759 3303 823 3356 alles
841 3299 989 3357 ankommt’.
1013 3304 1098 3368 solt,
1113 3308 1153 3368 10,
1166 3307 1213 3358 23;
1233 3322 1271 3370 ea,

200 3385 318 3422 memnon
331 3371 477 3436 spricbtbei
489 3373 576 3441 Eurip.
588 3372 708 3440 lpb.Aul.
759 3387 827 3438 qaae
844 3389 901 3424 rem
921 3376 1072 3434 canineam
1092 3376 1133 3432 31,
1151 3375 1199 3424 65;
1217 3389 1272 3424 una

201 3441 233 3490 15
244 3455 312 3506 saga
758 3457 801 3491 rer
818 3441 925 3492 uidetur
947 3457 1056 3492 eausam
1074 3445 1220 3493 continere.

412 3537 446 3546 -
465 3506 544 3572 Ζηλῶ
563 3523 602 3568 σε,
619 3509 707 3576 γέρον.
793 3511 933 3573 opinatum
950 3513 994 3574 eii,
1012 3525 1074 3561 nau
1087 3512 1125 3572 11,
1137 3512 1179 3562 24.

234 3571 315 3637 Ζηλῶ
334 3569 361 3624 δ’
388 3570 499 3645 ἀνδρῶν
517 3571 545 3626 dc
561 3567 708 3626 ἀκίνδυνον
791 3579 831 3628 21.
842 3578 898 3628 Hoc
910 3580 998 3642 igitar
1009 3576 1088 3642 effic„
1101 3593 1159 3629 aaa
1169 3577 1220 3642 l.8‚
1231 3579 1272 3631 16.

230 3646 300 3694 Bion
324 3638 465 3712 igenipae'
485 3639 582 3712 clypeis,
605 3636 706 3706 ἀκλεής.
793 3646 834 3696 22.
852 3649 884 3694 ui
900 3647 944 3696 iili
956 3652 1063 3711 putant,
1081 3661 1102 3696 s.
1115 3648 1156 3708 22,
1168 3648 1209 3698 52.

236 3706 301 3760 Teia
319 3705 346 3760 δ’
365 3712 396 3761 ἐν
413 3714 503 3776 τιμαῖς
520 3707 606 3774 ᾖσσον
624 3707 706 3774 ζηλῶ.
793 3714 833 3766 28.
854 3711 1010 3777 Carneades,
1029 3729 1049 3766 s.
1063 3714 1104 3777 22,
1118 3717 1159 3766 54.

237 3781 260 3828 5.
286 3780 413 3828 orbitates
445 3779 557 3830 liberum
583 3777 707 3841 (dieselbe
792 3780 1031 3845 cidemanderslv.
1045 3783 1106 3845 3‚5:
1119 3783 1270 3846 Diogenem

198 3843 272 3896 Form
288 3848 313 3908 9,
332 3848 373 3909 20)
387 3839 445 3898 ‘der
458 3846 561 3898 Verlust
577 3861 628 3897 von
648 3845 708 3898 llin·
760 3851 786 3896 ei
797 3847 960 3899 Carneadem
971 3850 1049 3900 uideo
1064 3878 1097 3887 -
1111 3855 1270 3900 missorem

197 3909 278 3965 dern‘.
306 3913 434 3980 Reispiele
446 3914 530 3967 dieser
541 3913 600 3965 Art:
615 3916 655 3980 28,
665 3918 707 3968 to.
760 3916 875 3980 legatam
899 3919 939 3980 22,
959 3920 1005 3969 5οε
1029 3918 1106 3969 uideo
1123 3923 1270 3984 atrumque
