2800 4476
444 206 536 261 uuna
554 208 595 266 lv,
615 213 707 278 asra.
720 212 759 264 ra.
778 212 870 277 eurr.
1153 211 1192 270 99

124 378 274 442 curandus
289 390 343 443 est.
376 380 471 444 Etiam
488 400 565 443 novo
581 382 700 462 quidam
715 399 814 444 amore
829 391 959 445 veterem
973 401 1103 446 amorem
1118 394 1194 446 tam·
1216 393 1245 444 'u

125 483 214 544 quarn
229 466 310 527 clavo
326 466 439 528 alarum
454 464 620 528 eiciendum
636 475 750 546 putant.
780 468 905 530 Maxime
919 478 1016 530 autem
1029 469 1192 532 admonen-

124 552 179 612 dus
201 559 246 612 est
267 560 395 630 quantus
416 551 454 612 sit
474 552 557 613 luror
572 551 696 628 amoris;
719 552 858 616 omnibus
873 553 952 615 enim
968 573 1004 616 ex
1019 555 1109 616 animi
1123 572 1192 634 per·

123 635 344 698 turbationibus
370 645 415 698 est
439 637 573 716 prolecto
596 637 675 698 nulla
696 638 912 714 vehementior,
938 647 986 714 ut,
1013 640 1038 701 si
1052 640 1109 701 iarn
1128 639 1192 720 ipsa

85 733 100 782 a
123 721 171 781 illa
183 739 322 782 accusare
335 722 419 797 nolis,
435 729 536 801 stupra
548 723 613 784 dico
630 731 659 784 et
674 723 857 803 corruptelas
872 732 901 786 et
915 723 1066 798 adulteria,
1080 725 1192 788 incesta

121 805 260 885 (lenique,
273 825 399 886 quorum
408 807 540 868 omnium
552 807 723 870 accusabilis
734 817 778 870 est
787 809 950 889 turpitudo,
960 845 1000 856 -
1010 810 1062 872 sed
1074 819 1106 870 ut
1119 810 1192 872 haec

123 891 257 966 omittas,
287 892 470 972 perturbatio
494 892 557 972 ipsa
584 892 691 954 mentis
716 892 746 954 in
773 911 872 955 amore
897 895 982 956 foeda
1007 913 1061 975 per
1081 913 1112 957 se
1139 904 1192 956 est.

122 976 213 1051 Nam,
237 985 270 1037 ut
291 976 339 1037 illa
359 988 558 1058 praeteream,
583 996 657 1058 quae
672 985 743 1039 sunt
757 978 882 1054 luroris,
896 980 969 1041 haec
984 980 1046 1060 ipsa
1061 998 1116 1060 per
1129 998 1194 1042 sese
1215 988 1245 1039 io

122 1079 212 1141 quam
227 1060 338 1123 habent
351 1062 507 1138 levitatem,
523 1081 598 1142 quae
613 1063 750 1124 videntur
764 1081 827 1125 esse
842 1063 1016 1125 mediocria:
1040 1099 1043 1106 »

68 1156 99 1208 10
631 1147 771 1220 lnibriae,

209 1230 397 1310 Suspiciones,
411 1235 587 1303 inimicitiae,
602 1233 738 1302 indutiae,

208 1316 328 1394 bellem,
339 1335 403 1397 poa
417 1336 537 1379 rursnm
545 1337 554 1392 ;
574 1319 683 1380 incerto
698 1317 764 1378 baec
779 1321 805 1379 si
818 1327 851 1379 tu
864 1317 989 1398 pistules

209 1399 331 1464 Ratibne
346 1411 421 1464 cacto
434 1403 538 1481 ficere,
553 1403 643 1465 nibilo
655 1403 723 1483 pleis
737 1421 805 1482 opas

210 1484 305 1556 Quane
320 1491 346 1548 si
361 1488 407 1550 das
422 1505 537 1567 operam
551 1499 585 1549 nt
598 1490 662 1550 cim
678 1492 791 1550 ratione
809 1491 947 1550 insanias.

71 1583 99 1634 to
123 1570 205 1632 Haec
227 1571 424 1634 inconstantia
446 1571 682 1652 mutabilitasque
702 1573 810 1634 mentis
834 1590 920 1652 mem
941 1591 1001 1634 non
1018 1572 1080 1652 ipsa
1094 1573 1192 1652 pravi·

9 1687 11 1718 t
122 1663 183 1716 tate
205 1655 374 1718 deterrenti
403 1656 456 1719 Est
477 1657 564 1719 etiam
586 1657 673 1731 illud,
699 1658 778 1737 quod
805 1658 835 1718 iu
864 1657 945 1718 omui
971 1657 1192 1737 perturbatione

9 1719 11 1796 l
122 1739 239 1814 dicitur,
253 1742 526 1818 demonstrandum,
542 1743 652 1804 nullam
663 1761 727 1805 esse
739 1742 797 1804 uisi
809 1740 1000 1822 opinabilem,
1015 1742 1072 1804 nisi
1083 1742 1192 1804 iudicio

9 1805 11 1878 l
121 1834 305 1906 susceptam,
322 1827 379 1888 nisi
392 1827 594 1890 voluntariam.
628 1826 745 1889 Etenim
761 1827 786 1889 si
801 1827 942 1889 naturalis
957 1836 1145 1901 emanasset,
1163 1837 1193 1888 et

9 1883 10 1958 l
121 1919 256 1972 amarent
267 1931 370 1973 omnes
382 1922 412 1974 at
423 1931 540 1993 semper
551 1923 685 1975 amarent
696 1922 726 1974 et
736 1913 813 1974 idern
828 1921 972 1986 amarent,
988 1931 1086 1992 neque
1101 1912 1191 1974 alium

71 2007 100 2060 20
120 1996 228 2075 pudor,
244 1997 333 2058 alium
348 1998 496 2076 cogitatio,
511 1998 600 2060 alium
616 1997 733 2060 satietas
749 1997 920 2059 deterreret.

206 2081 252 2142 lra
267 2101 351 2156 vero,
373 2100 449 2161 quae
471 2101 559 2162 quam
575 2083 625 2144 diu
640 2082 794 2162 perturbat
809 2082 957 2156 animum,
978 2082 1192 2144 dubitationem
1204 2058 1242 2118 ⁸⁶

9 2165 10 2192 ¹
119 2165 252 2312 inlsauiae
274 2185 335 2228 uon
357 2167 462 2243 habet,
484 2167 568 2230 atius
589 2169 719 2249 impulsu
741 2167 853 2230 exsistit
879 2168 965 2230 etiam
986 2167 1064 2228 iuter
1086 2168 1191 2229 iratres
1213 2143 1242 2193 ’Π

118 2259 147 2312 ta
160 2271 176 2312 a
191 2252 334 2332 iurgium:

116 2383 272 2450 annuncia,
296 2386 361 2439 anab
382 2386 453 2439 nieht
477 2385 571 2439 wieder
593 2402 626 2439 aa
678 2387 711 2438 In
724 2386 893 2438 ambasiaco
905 2388 995 2437 omnia
1010 2383 1193 2437 insuntoitia:

116 2451 478 2516 llririteukommenlsbnuem
492 2459 627 2522 tamqnam
712 2453 759 2506 blit
781 2453 838 2506 (lem
855 2453 938 2506 luhelt
959 2453 1012 2520 agl.
1033 2452 1075 2506 alie
1095 2454 1191 2508 sabbae

117 2521 168 2572 wie
185 2521 203 2573 1.
215 2524 257 2588 36,
270 2525 310 2577 88.
679 2521 760 2574 Stelle
769 2522 811 2574 bei
820 2521 914 2574 lloraz:
927 2520 1007 2574 Serra.
1016 2521 1045 2574 11.
1054 2523 1079 2586 3,
1089 2523 1139 2574 aba
1151 2538 1190 2590 sq.

150 2591 377 2644 zalaooaiaoum.
398 2588 628 2643 SoauabimGrie·
715 2593 754 2644 11.
764 2590 940 2654 Suspiciones,
951 2588 1135 2641 bieruudblter
1143 2593 1191 2643 mit

115 2657 237 2737 chiseheu
255 2657 472 2725 spriahwbrtliab:
497 2651 555 2723 ἥλῳ
577 2655 628 2710 τὸν
679 2658 852 2723 verlingerter
870 2658 893 2710 2.
912 2656 992 2709 Silbe.

131 2721 189 2788 too,
206 2723 339 2791 παττάλῳ
356 2722 408 2778 τὸν
422 2721 565 2778 πάτταλον
581 2728 628 2789 (sc.
683 2780 694 2790 ,
715 2729 755 2779 13.
781 2728 888 2777 rabone
913 2720 1004 2776 ‘durch
1026 2723 1190 2791 verstindige

114 2743 157 2843 ³⁸1
173 2792 326 2862 ἐκκρούειν).
677 2783 865 2858 Uberleguug’3
882 2807 942 2844 auae
955 2793 1062 2844 ratione
1074 2784 1129 2843 ‘bei
1147 2808 1191 2858 ge-

149 2863 173 2915 4.
191 2864 265 2925 atsi
281 2865 344 2914 iam.
381 2861 479 2928 lulolge
501 2860 546 2912 ‹ler
562 2860 628 2912 Zwi-
678 2861 785 2914 eundem
808 2851 968 2920 Verstande’;
995 2861 1099 2910 incerta
1125 2863 1191 2912 baec

114 2929 627 2996 schensitzelsa'ianr-torpa'tndolbe-
678 2934 751 2982 certa
779 2927 869 2990 faeere
900 2923 980 2980 ‘diese
1009 2926 1189 2981 wandelbaren

114 2998 188 3062 giunt
198 2997 286 3052 Cicero
299 2999 343 3050 der
351 2997 525 3056 Deutlialrlreit
534 3011 626 3063 aegea
677 2996 854 3062 Stimmungen
863 3012 895 3048 zu
907 2994 1053 3048 dauerndeu
1065 2989 1189 3050 macben'.

113 3065 159 3117 mit
183 3067 231 3117 aad
250 3071 281 3117 at
303 3067 351 3118 den
370 3066 429 3119 Sstz
447 3081 498 3119 vou
521 3080 625 3126 nauem
712 3067 752 3118 16.
763 3067 794 3116 in
801 3066 1003 3131 perturbatione
1015 3065 1123 3129 dicitur,
1135 3066 1188 3132 agl.

112 3132 166 3199 vgl.
189 3133 227 3186 lll.
245 3137 269 3198 8,
289 3137 333 3188 16:
356 3138 402 3201 qui
424 3137 462 3186 sii
477 3132 557 3199 frugi
579 3136 585 3148 “
609 3137 626 3173 ‘-
675 3131 693 3186 Ι,
711 3135 753 3196 36,
766 3135 811 3186 88:
829 3135 859 3183 in
875 3137 962 3184 morta
978 3148 1034 3184 non
1050 3133 1158 3186 dieitur.

114 3205 213 3254 tun-
230 3189 299 3256 liber
318 3206 343 3253 si
359 3208 414 3254 iam
436 3218 457 3255 s.
476 3218 506 3255 zu
525 3204 567 3267 at,
584 3203 625 3255 bb.
712 3200 908 3256 21.1raoer0.
944 3199 1047 3254 Wiealer
1063 3201 1104 3254 eiu
1122 3202 1190 3254 Ana-

146 3272 171 3325 6.
195 3271 366 3336 namabilis,
386 3263 434 3324 ἅπ.
457 3268 512 3341 iay.
532 3293 566 3314 ·=
585 3274 625 3326 ita
677 3268 777 3334 lsolutlr‚
789 3267 1049 3321 dadasPridilmtzu
1061 3269 1188 3335 inolebit,

113 3344 277 3403 comparata,
296 3343 327 3389 ut
342 3342 373 3390 in
390 3339 520 3391 somnam
531 3343 626 3392 vocari
676 3336 743 3389 doch
752 3336 882 3389 durabile
891 3338 996 3390 weitere
1005 3335 1188 3403 Besprealaung

109 3409 201 3472 possit.
452 3461 463 3472 „
676 3404 722 3457 des
745 3405 914 3470 angelirhrten
935 3403 1062 3471 Beiepiels
1083 3403 1187 3457 erklirt

147 3475 170 3527 8.
196 3474 254 3536 illa,
281 3487 349 3540 qnae
374 3495 420 3526 -ε
446 3473 625 3540 Auteeruugen
675 3472 955 3539 Diel'ortsetauugdes
968 3471 1187 3526 unterbroaheneu

111 3541 157 3594 (les
170 3541 333 3606 Walrnsinns‚
353 3543 402 3595 wie
414 3542 456 3594 die
470 3543 505 3596 im
517 3542 623 3609 vunger
674 3539 826 3594 Gadanlaens
836 3540 930 3608 eriolgt
940 3540 995 3593 also
1005 3542 1057 3592 esst
1065 3539 1134 3606 mit§
1145 3543 1186 3594 te.

110 3609 174 3678 llsp.
193 3610 371 3676 augeibbrten.
708 3609 901 3660 dubitationem
920 3610 1043 3660 insaniae
1064 3623 1119 3659 non
1141 3610 1187 3659 ba-

144 3682 168 3732 9.
181 3680 287 3742 babent,
300 3677 458 3742 e.zulll.13‚
472 3681 516 3732 il:
530 3679 623 3734 Habet.
675 3681 723 3730 bet
753 3679 854 3729 Habere
874 3672 1020 3742 (zulassen,
1037 3675 1186 3728 verbunden

146 3750 186 3803 10.
199 3747 321 3798 Iniuriae
330 3751 387 3811 aet,
397 3762 443 3799 aus
452 3745 550 3800 'leaena
559 3746 623 3799 Eun.
674 3746 730 3799 sein
742 3737 806 3812 mit')
819 3746 866 3798 mit
877 3745 960 3797 einem
972 3742 1187 3797 Verbalsubstan·

109 3815 126 3867 l
146 3819 169 3880 1,
184 3819 216 3869 14
228 3831 294 3882 sqq„
310 3830 353 3868 wo
366 3814 408 3868 alie
419 3813 509 3868 Worte
521 3814 624 3868 verber-
674 3815 712 3866 tiv
730 3814 800 3868 steht
813 3814 851 3868 ott
868 3813 908 3866 iac
926 3811 971 3865 dee
982 3811 1055 3866 Psss.
1072 3811 1118 3866 ces
1131 3816 1187 3866 ent·

110 3883 204 3950 geben:
675 3880 988 3950 sprecheualenllerbums.
1005 3879 1134 3935 Soleoll.
1146 3880 1185 3936 lll.

943 3964 979 4020 Ἰ*
