2804 4474
199 229 238 285 14
583 226 677 281 mora
694 229 733 285 m.
751 231 827 297 eu,
838 232 878 284 m.

194 402 377 474 innocentia,
392 436 434 447 -
448 418 524 480 quae
536 401 614 480 apud
625 400 754 462 Gmeoos
765 401 904 464 usitatum
917 420 1026 463 nomen
1039 402 1155 464 nullum
1170 403 1275 478 hahet,

194 487 245 550 sed
260 488 369 550 hahere
383 494 483 566 potest
497 480 696 566 dssldssacen
720 504 788 546 nam
804 494 849 549 est
865 486 1036 548 innocentia
1059 487 1186 549 adfectio
1201 490 1274 552 talis

193 573 293 647 animi,
309 577 508 652 quaenooeat
522 570 635 631 nemini
650 605 692 616 -
707 615 716 644 ‚
731 571 860 650 reliquas
874 573 961 633 etiam
977 572 1098 634 virtutes
1113 574 1273 653 frugalitas

193 659 337 719 eontinet.
363 658 457 730 ¹Quae
480 655 537 717 nisi
559 663 640 717 tanta
657 664 735 717 esset
750 657 817 718 etsi
833 657 868 718 iis
883 657 1035 737 angustiis,
1051 657 1161 737 quihus
1175 659 1272 738 pleri·

193 762 251 822 que
261 751 378 823 putant,
389 748 552 814 teneretur,
567 758 730 819 numquam
742 749 819 802 esset
828 740 861 802 L.
873 741 989 803 Pisonis
1000 760 1171 821 cognomen
1183 753 1272 806 tanto
1295 757 1316 807 5

140 835 168 886 tt
190 848 281 909 opere
303 828 462 889 laudatum.
498 825 556 886 Sed
574 825 642 904 quia
665 844 722 886 nee
744 826 795 905 qui
816 834 940 907 propter
953 835 1064 888 metum
1084 827 1270 907 praesidium
1381 891 1387 895 .

191 914 322 992 reliquit,
340 912 420 992 quod
436 920 481 973 est
494 910 636 990 ignaviae,
652 929 709 971 neo
723 911 773 991 qui
785 919 910 991 propter
920 911 1067 972 avaritiam
1083 913 1158 973 olam
1173 914 1270 992 depo-

190 999 277 1060 situm
295 1016 355 1058 non
372 996 508 1068 reddidit,
524 994 603 1074 quod
618 1004 664 1056 est
678 995 848 1070 iniustitiae,
868 1015 924 1057 neo
939 997 990 1076 qui
1006 1006 1130 1077 propter
1144 998 1269 1059 temeri-

189 1092 278 1144 tatem
294 1083 368 1144 male
387 1100 451 1142 rem
465 1081 566 1161 gessit,
589 1079 667 1159 quod
687 1088 734 1141 est
754 1080 903 1153 stultitiae,
925 1081 1011 1161 frugi
1022 1082 1165 1161 appellari
1179 1082 1268 1157 solet,

190 1186 225 1228 eo
248 1168 302 1229 tris
322 1168 456 1239 virtutes,
478 1165 694 1239 fortitudinem,
716 1165 872 1237 iustitiam,
894 1167 1090 1246 prudentiam,
1113 1168 1269 1246 frugalitas
1292 1177 1329 1229 to

188 1254 341 1332 complexa
356 1259 456 1314 est-
473 1251 528 1312 etsi
543 1251 601 1312 hoo
614 1249 732 1329 quidem
750 1258 908 1311 commune
928 1251 1141 1325 estvirtutum;
1157 1271 1267 1314 omnes

188 1338 267 1399 enim
283 1339 361 1399 iuter
373 1357 404 1398 se
417 1355 509 1398 nexae
525 1344 554 1398 et
569 1335 683 1415 iugatae
694 1343 780 1411 sunt3
804 1369 846 1380 —
858 1335 971 1416 rquna
981 1336 1072 1415 igitur
1087 1345 1141 1410 est,
1158 1345 1266 1416 quarta

186 1423 280 1484 virtus
295 1434 327 1484 ut
342 1424 389 1495 sit,
412 1422 475 1500 ipsa
498 1420 661 1499 frugalitas.
697 1419 771 1482 Eius
786 1420 866 1481 enim
888 1420 1083 1483 videturesse
1104 1422 1265 1501 proprium

187 1516 286 1569 motus
301 1507 391 1569 animi
406 1507 571 1587 appetentis
585 1523 688 1585 regere
704 1512 735 1566 et
748 1505 850 1567 sedare
865 1524 1040 1585 semperque
1056 1506 1261 1568 adversantem

186 1592 300 1654 libidini
316 1592 495 1653 moderatam
514 1591 544 1652 iu
561 1591 643 1651 omni
658 1607 821 1652 reservare
843 1592 1056 1667 constantiam
1079 1591 1128 1654 eui
1143 1599 1265 1653 contra·
1288 1600 1319 1652 15

134 1687 162 1738 18
183 1678 259 1740 rium
274 1678 376 1738 vitium
394 1677 524 1756 nequitia
538 1675 654 1737 dicitur.
684 1674 858 1754 Frugalitos,
875 1685 908 1736 ut
927 1676 1043 1755 opinor,
1059 1695 1075 1735 a
1089 1677 1187 1756 strage,
1203 1695 1263 1756 qua

185 1763 260 1824 nihil
281 1762 386 1824 melius
409 1781 425 1822 e
448 1772 543 1850 tprra,
571 1764 701 1842 aequitio
722 1759 757 1820 ah
780 1779 816 1820 eo
838 1794 880 1804 -—
903 1761 957 1822 etsi
979 1762 1034 1821 erit
1057 1762 1114 1821 hoo
1136 1763 1264 1823 fortasse

184 1848 296 1922 durius,
319 1848 370 1909 sed
386 1855 579 1926 temptemus;
594 1845 697 1906 lusisse
712 1854 869 1924 putemur,
892 1845 916 1906 si
934 1845 1006 1906 nihil
1027 1846 1120 1906 sit-
1136 1893 1144 1921 ,
1160 1845 1198 1906 ah
1215 1865 1262 1920 eo,

184 1932 263 2012 quod
278 1936 465 2014 nequicquam
479 1940 524 1993 e'st
538 1931 569 1991 in
585 1930 635 1990 tali
650 1929 789 2004 homine,
812 1948 848 1990 er
863 1947 923 2008 quo
946 1930 1022 1990 idem
1038 1929 1128 1992 nihili
1141 1931 1260 1993 dieitur.

183 2016 242 2088 Qui
257 2017 295 2078 sit
317 2018 395 2096 frugi
410 2017 500 2097 igitur
514 2015 569 2088 vel,
592 2015 617 2076 si
631 2015 732 2086 mavis,
754 2015 924 2076 moderatus
939 2022 969 2076 et
990 2023 1170 2094 temperans,
1194 2035 1264 2076 eum
1287 2027 1317 2077 tu

184 2120 305 2164 necesse
321 2110 444 2163 estesse
460 2108 661 2175 constantem
684 2099 735 2178 qui
750 2107 848 2159 autem
863 2110 1012 2175 constans,
1035 2099 1167 2178 quietum
1176 2118 1185 2176 ;
1208 2101 1260 2180 qui

134 2201 146 2216 ²
183 2187 309 2265 quietus,
325 2186 548 2265 perturbatione
561 2184 642 2246 omni
657 2201 791 2257 vacuum,
808 2184 982 2262 ergoetianr
998 2185 1192 2263 aegritudine.
1222 2185 1260 2246 Et

182 2280 252 2332 sunt
267 2271 315 2330 illa
330 2271 487 2349 sapientis3
503 2270 598 2330 aberit
612 2269 703 2348 igitur
717 2287 733 2329 a
748 2268 881 2348 sapiente
896 2270 1059 2348 aegritudo.

216 2455 239 2504 2.
269 2445 409 2518 ἆβλᾶβεια.
450 2450 633 2504 Thatsiehlieh
658 2451 693 2504 iot
779 2454 818 2504 11.
837 2453 886 2503 hoe
901 2453 1015 2518 quidem,
1031 2450 1179 2509 nintl.dafs
1193 2452 1256 2516 jede

179 2536 227 2573 nur
247 2512 368 2586 ἆβλαβὴσ
385 2520 470 2572 ausser
487 2519 513 2571 in
532 2519 577 2571 der
593 2519 692 2572 Bedeu-
742 2516 1255 2587 'lugendalledbrigeninoiehhegreift.

178 2591 244 2654 tung
270 2601 321 2638 von
339 2586 482 2638 incolumia
505 2587 571 2640 auch
597 2587 622 2640 in
647 2587 692 2640 der
778 2605 818 2656 14,
840 2610 928 2655 mom,
946 2607 1033 2655 anim,-
1048 2620 1110 2672 app,
1132 2597 1188 2657 ‘die
1207 2604 1256 2657 ΒΕ.

179 2671 230 2737 V⁰J¹
254 2658 389 2738 2212092713,
410 2655 551 2736 gebrauoht
577 2655 691 2720 W⁰lde¹h
742 2666 1256 2737 gierden';advmancontstzumsmj.

178 2723 301 2776 wahrend
317 2720 454 2790 αβλαβεια
472 2740 519 2776 nur
531 2740 557 2775 m
575 2723 621 2776 der
638 2739 689 2775 von
742 2753 773 2789 zu
792 2738 891 2791 21011011,

177 2793 351 2844 incolumitas
370 2792 422 2844 und
438 2792 560 2859 dhrigens
578 2795 631 2843 erst
649 2791 704 2842 hei·
778 2808 816 2860 16,
835 2823 888 2873 qua
907 2807 975 2860 ohne
988 2812 1034 2859 „g
1069 2806 1192 2859 Auchim
1205 2806 1256 2860 Re.

178 2858 420 2913 P1U1·V⁰fl¹⁰mm¹·
739 2873 858 2925 lativsntz
884 2875 920 2927 ist
946 2875 986 2927 die
1014 2874 1176 2942 huslassung
1202 2891 1255 2929 von

218 2947 242 2996 4.
269 2949 360 2994 touta:
379 2959 431 2995 von
455 2959 484 2997 so
512 2942 688 2995 umfassender
740 2945 780 2990 ost
796 2943 879 3006 (sunt)
902 2942 974 2994 nieht
991 2942 1124 3005 nnerhdrt3
1150 2943 1203 3010 vgl.
1222 2943 1255 2995 de

177 3010 339 3077 Bedeutung.
740 3007 810 3060 ortt.
822 3014 845 3072 7,
859 3012 905 3063 2οε
925 3013 1002 3062 euius
1017 3014 1110 3077 partes
1129 3011 1199 3062 duaa
1217 3026 1254 3063 se.

212 3081 236 3130 5.
270 3077 301 3128 L.
323 3077 484 3143 calpurnio:
506 3081 567 3130 Piso
589 3079 689 3144 Frugi,
738 3082 809 3142 sunt,
827 3093 853 3129 u.
871 3093 894 3129 a.

177 3145 325 3197 herdhmter
348 3143 449 3196 Redner
475 3145 527 3197 und
555 3144 688 3198 Veriasoer
776 3147 815 3197 17.
828 3147 861 3196 od
880 3161 910 3196 oo
924 3174 953 3215 -.
970 3147 1003 3196 ab
1022 3162 1061 3197 eo.
1096 3143 1201 3198 Ehenso
1218 3146 1255 3197 iot

176 3228 228 3264 von
241 3212 366 3275 Annalem
377 3217 458 3264 setrte
471 3212 509 3264 als
520 3213 687 3266 Volkstribun
740 3214 781 3274 28,
805 3215 836 3265 71
860 3213 892 3264 id
913 3213 978 3264 nach
1003 3213 1085 3265 einem
1105 3212 1255 3265 Zwisehen·

179 3279 687 3364 1493.Ghr.dielaa70alpumiadepo·
739 3283 809 3360 satae
832 3295 879 3360 ¹aur
901 3279 1095 3360 Erleichteruog
1118 3280 1165 3334 deo
1190 3280 1254 3334 Ver·

175 3347 686 3483 mlffiotlzrguczgnfflcrgicvzarpgpp
738 3346 1156 3482 δωῖἓῃῗὲξξιίἴᾳιὶξθπῗιοιέὺεηεο
1170 3414 1253 3468 Varro

177 3487 217 3548 13,
242 3485 288 3537 29:
316 3483 356 3547 (L.
383 3486 455 3548 Piso)
482 3487 558 3534 tanta
585 3487 686 3535 uirtute
736 3481 763 3534 L.
775 3481 803 3535 L.
816 3483 846 3535 X.
862 3485 975 3550 5,§81:
994 3501 1033 3535 aar
1050 3499 1088 3535 rte
1105 3487 1139 3533 ot
1156 3487 1254 3549 quiu-

174 3557 254 3617 utque
279 3554 438 3614 integritate
456 3549 521 3616 fuit,
546 3557 578 3602 ut
602 3552 701 3602 otiom'
737 3566 834 3616 quam
858 3580 891 3588 —
914 3552 1002 3603 modia
1025 3555 1128 3602 extrita
1145 3551 1253 3619 syllaba

174 3619 229 3670 illio
246 3622 355 3684 optimis
372 3621 543 3686 temporibus,
560 3635 621 3670 eum
638 3621 685 3670 ho·
736 3623 859 3669 eoactum
886 3624 926 3670 ast
950 3635 1101 3686 nequam.
1143 3619 1252 3683 Μυοῦς

173 3689 406 3738 minaminuem're
422 3703 537 3752 nequam
554 3689 685 3738 nminem
735 3701 850 3751 nequam
876 3687 928 3739 und
958 3689 1078 3752 nequitia
1106 3685 1164 3738 sind
1186 3687 1254 3738 viel-

172 3769 274 3818 pocsos,
297 3756 370 3806 aolus
387 3761 476 3806 tomen
492 3755 583 3820 Frugi
599 3757 684 3805 nomi·
736 3754 807 3805 mehr
828 3754 874 3805 mit
891 3757 1004 3820 nequire
1021 3755 1093 3807 eines
1111 3753 1253 3806 Stammes.

173 3826 294 3872 araretur.
770 3823 812 3874 22.
830 3822 867 3873 m
883 3829 946 3873 eunt
963 3827 1021 3889 eet,
1039 3838 1061 3874 s.
1074 3838 1105 3874 zu
1119 3825 1143 3887 7,
1159 3825 1206 3874 15:
1226 3827 1253 3874 et

208 3891 249 3942 10.
271 3905 310 3954 eo,
329 3905 349 3942 s.
367 3905 389 3943 r.
407 3889 426 3942 l.
446 3894 469 3954 l,
491 3892 529 3942 13.
733 3891 872 3954 sapientis.
