2804 4474
505 237 600 291 LlBllR
616 236 658 291 lV.
677 240 700 303 8,
716 240 755 293 18.
765 242 805 293 19.
1148 239 1188 300 65

110 409 318 489 concupierit,
339 409 413 472 alius
434 409 577 490 potiatur,
600 411 665 492 ipse
681 419 788 473 careat.
825 410 998 474 Obtrectatio
1021 420 1120 475 eutem
1136 423 1191 490 est,
1213 423 1242 476 te

111 513 252 575 cuquam
269 494 400 575 intellegi
417 493 618 580 ζηλοτυπίαν
634 496 718 571 νοΙο,
734 495 886 576 aegritudo
903 515 939 556 ex
955 515 1004 570 eo,
1021 498 1100 577 quod
1116 497 1190 560 alter

111 599 234 660 quoque
250 580 380 664 potiatur
403 599 454 655 eo,
480 583 560 660 quod
582 583 645 662 ipse
667 581 879 660 concupiverit.
925 581 1124 645 Misericordia
1145 594 1190 645 est

110 666 267 744 aegritudo
283 683 317 726 ex
333 665 451 727 miseria
466 665 586 728 alterius
602 667 709 728 iniuria
724 665 885 728 laborantis
891 685 900 742 ;
921 685 1009 729 nemo
1025 667 1104 729 enim
1120 686 1190 748 par·

69 762 87 811 5
109 751 221 812 ricidae
237 757 287 810 aut
310 749 471 829 proditoris
486 752 632 832 supplicio
648 751 850 813 misericordia
866 761 1083 829 commovetur3
1098 772 1191 833 anper

111 835 267 916 aegritudo
289 853 444 915 promeae,
475 835 568 898 luctus
588 836 742 915 aegritudo
766 854 802 896 ex
817 836 895 911 eius,
925 838 975 916 qui
991 855 1077 899 carus
1091 837 1189 912 suerit,

110 920 237 982 interitu
259 918 383 994 acerbo,
409 939 526 984 maeror
546 921 699 1001 aegritudo
726 920 848 994 debilis,
871 940 1013 986 aerumna
1034 923 1188 1002 aegritudo

109 1003 277 1078 laboriosa,
301 1004 384 1067 dolor
404 1006 559 1084 aegritudo
582 1005 733 1081 crucians,
760 1004 927 1068 lamentatio
949 1006 1103 1086 aegritudo
1119 1025 1190 1070 cum
1238 1079 1240 1084 ,

110 1089 234 1170 eiulatu,
254 1089 415 1152 sollicitudo
431 1090 585 1168 aegritudo
601 1109 669 1154 cum
685 1090 874 1169 cogitatione,
889 1091 1021 1154 molestia
1035 1093 1189 1172 aegritudo

54 1185 86 1236 10
110 1191 311 1255 permaneus,
334 1175 492 1253 adflictatio
509 1175 662 1256 aegritudo
678 1194 745 1238 cum
762 1175 916 1236 vexatione
932 1177 1075 1255 corporis,
1094 1180 1192 1260 despe-

108 1264 188 1322 ratio
208 1259 363 1339 aegritudo
378 1259 443 1321 sine
458 1261 516 1321 ullu
531 1275 632 1322 rerum
648 1260 868 1340 exspectatione
883 1259 1051 1322 meliomm.

196 1345 280 1416 Quae
309 1351 407 1406 autem
430 1345 562 1408 subiecta
584 1354 655 1408 sunt
675 1345 732 1407 sub
753 1353 875 1421 metum,
907 1363 941 1406 ea
962 1346 1004 1406 sic
1026 1345 1190 1408 deliniunt:
1214 1359 1243 1412 19

104 1433 260 1510 pigritiam
290 1437 402 1490 metum
433 1432 645 1510 consequentis
675 1429 800 1504 laboris,
833 1451 850 1489 a
876 1450 892 1489 a
915 1439 1054 1493 terrorem
1076 1439 1190 1492 metum

111 1514 353 1588 concutientem,
375 1533 411 1575 ex
426 1533 486 1593 quo
501 1517 536 1577 tit
556 1525 589 1578 ut
603 1515 749 1596 pudorem
764 1513 871 1589 rubor,
893 1523 1037 1576 terrorem
1053 1516 1148 1596 pallor
1162 1523 1193 1577 et

58 1609 87 1662 15
111 1608 227 1660 tremor
250 1609 280 1660 et
300 1599 434 1662 dentium
456 1601 586 1682 crepitus
600 1611 815 1679 consequatur,
837 1603 970 1662 timorem
989 1607 1101 1662 metum
1122 1601 1191 1662 mali

110 1684 398 1765 appropinquantis,
416 1704 555 1766 pauorem
575 1695 689 1748 metum
710 1693 842 1747 mentem
863 1684 929 1746 loco
950 1695 1133 1762 moventem3
1155 1706 1192 1748 ex

108 1769 191 1848 quod
206 1769 277 1831 illud
293 1769 424 1832 Ennius:
790 1795 792 1800 ’
1271 1772 1276 1780 “

146 1891 171 1940 1.
190 1888 366 1952 concupierit,
389 1887 465 1939 udml.
484 1880 622 1938 aemulans
672 1903 728 1951 ror,
752 1885 838 1950 dolor,
856 1886 1020 1950 lamentatio,
1036 1887 1192 1938 sollicitudo

108 1959 168 2019 (aus
179 1955 350 2018 aemulatio);
364 1954 415 2020 vgl.
425 1955 484 2008 aul.
498 1956 540 2020 39,
551 1958 584 2008 93
596 1972 622 2008 n.
672 1954 724 2007 und
739 1955 889 2020 desperatio
906 1953 977 2018 giebt
998 1953 1071 2020 lliog.
1085 1954 1111 2006 L.
1130 1952 1192 2017 (Vll.

107 2021 150 2074 lt.
163 2023 260 2087 11,16;
273 2023 405 2073 iudicatio
417 2025 533 2085 rescire,
552 2024 624 2088 quod
674 2025 733 2088 112)
751 2021 827 2073 leine
849 2021 1025 2087 griechischen
1043 2020 1194 2075 Ausdrdeke

109 2092 227 2150 marian
246 2091 287 2153 10,
305 2091 352 2142 tu:
371 2105 431 2141 eum
449 2119 482 2130 -
500 2091 597 2143 uideat.
673 2090 726 2143 und
743 2088 924 2142 Definitionen.

146 2157 316 2210 Obtrectatio.
344 2156 417 2223 Iliog.
440 2158 466 2210 L.
485 2159 502 2212 l.
523 2163 550 2212 1:
570 2160 625 2223 ζη-
711 2160 750 2212 13.
777 2161 937 2224 pigritiam:
967 2153 1078 2222 ὄκνου,
1108 2148 1194 2226 φόβος

109 2223 279 2278 λοτυπίοιν
302 2221 391 2290 λύπην
407 2224 498 2292 (εἶναι)
519 2227 565 2280 ἐπὶ
582 2228 623 2292 τῷ
674 2221 821 2293 μελλούσης
838 2227 979 2295 ἐνεργείας.

109 2296 155 2344 καί
178 2289 252 2358 ἄλλη)
277 2296 417 2360 παρεῖναι,
438 2288 458 2344 dl
477 2297 524 2346 real
547 2289 628 2346 αὐτὸς
712 2294 728 2328 *
751 2293 844 2344 *Hier
866 2293 911 2344 hat
933 2291 1128 2344 unzweitelhatt
1152 2293 1194 2344 eiu

108 2363 171 2425 ἔχει.
211 2359 283 2412 Stob.
301 2361 355 2413 Ecl.
374 2361 424 2414 eth.
443 2377 468 2428 p.
484 2365 546 2416 176:
572 2364 627 2429 ζη-
678 2360 850 2414 Abschreiber
867 2362 893 2412 in
911 2360 1018 2412 illester
1035 2360 1091 2412 Zeit
1112 2359 1194 2424 (nicht

110 2426 277 2482 λοτυπίαν
294 2424 326 2480 di
343 2425 437 2494 λύπην,
450 2431 495 2482 ἐπί
512 2429 554 2494 τῷ
572 2431 627 2482 tac·
679 2429 767 2481 Cicero
791 2429 886 2493 selbst,
910 2428 961 2480 wie
982 2428 1037 2480 sich
1065 2443 1111 2480 aus
1135 2428 1194 2480 dem

110 2514 160 2562 ρον
184 2492 387 2566 ἐπιτυγχάνειν,
412 2493 454 2548 ὧν
472 2492 553 2550 αὐτὸς
570 2499 628 2549 drea-
678 2496 808 2562 nachtolg.
827 2497 959 2562 pudorem
980 2499 1065 2546 rubor
1086 2496 1194 2562 ergiebl)

109 2563 202 2630 dauri.
239 2563 323 2616 Unten
346 2566 387 2628 16,
405 2567 450 2618 56ι
479 2568 628 2617 obtrectare·
679 2564 720 2616 die
752 2563 892 2616 Definition
926 2579 978 2615 von
1008 2563 1102 2628 pudor
1136 2578 1195 2615 aus·

110 2635 145 2682 tir
157 2638 255 2696 autern,
273 2635 340 2697 angi
356 2633 445 2684 alieno
457 2635 534 2700 bono,
556 2633 629 2699 quod
679 2631 811 2697 gelassen,
830 2637 927 2682 etwa:
946 2630 1079 2696 pudorem
1095 2635 1195 2682 metum

109 2701 140 2750 id
156 2703 238 2750 etiam
256 2701 327 2750 alius
345 2702 448 2752 habeat.
523 2711 524 2714 ’
679 2699 824 2763 dedecoris,
841 2698 908 2749 uach
928 2696 973 2748 der
991 2696 1133 2762 Erkldruug
1151 2698 1195 2750 der

144 2770 168 2821 2.
187 2768 332 2833 aegritudo
354 2785 389 2818 ere
412 2785 451 2820 eo.
486 2766 514 2820 ln
531 2766 625 2818 Defini-
678 2765 792 2818 Stoilter:
807 2763 939 2828 αἰσχύνην
950 2762 1021 2815 εἶναι
1052 2761 1119 2829 cister
1132 2759 1195 2816 rido-

109 2837 198 2887 tionen
222 2835 341 2896 werden,
363 2835 408 2887 der
425 2835 509 2888 Kirrze
527 2849 626 2901 wegen,
678 2833 743 2897 ξίαι,
762 2833 823 2885 oder
841 2833 916 2896 (uach
934 2831 998 2884 Gell.
1041 2829 1081 2892 lll,
1100 2832 1126 2892 9)
1146 2848 1198 2898 pu-

111 2902 324 2970 prdpositiouelle
341 2903 450 2955 Zusdtze
462 2902 626 2970 gewdlmlich
678 2903 770 2954 dorem
786 2903 947 2966 sauguinem
965 2899 1169 2961 diffundentem.

109 2971 178 3024 olruc
196 2971 315 3022 reiteres
340 2987 371 3022 an
393 2971 558 3024 substantiva
583 2985 627 3022 uu·
713 2974 852 3020 terrorem.
890 2966 963 3032 Diog.
980 2966 1008 3018 1..
1028 2965 1077 3018 Vll.
1098 2969 1146 3020 112
1169 2984 1196 3019 u.

110 3037 464 3104 geschlossen.llgl.auehau
476 3041 552 3104 att:
565 3054 627 3090 aaa·
680 3036 752 3089 Stob.
777 3036 831 3087 Ecl.
853 3035 882 3088 ll.
904 3039 929 3100 1,
947 3049 973 3100 p.
993 3031 1196 3100 118ιίκαίη-

110 3112 155 3158 tra
172 3110 309 3158 naturam.
682 3103 743 3169 ξισ,
770 3100 855 3171 φόβος
878 3103 908 3154 ἐν
933 3106 1088 3171 φαντασίαι
1116 3097 1196 3154 ἀσυν-

144 3176 169 3226 3.
182 3175 380 3227 Misericordia.
390 3174 464 3240 Diog.
474 3170 628 3237 latim,
681 3169 767 3238 ἡθουα
784 3169 952 3240 πράγματοι.
989 3170 1090 3222 Ciceros
1102 3169 1198 3222 Beliui-

110 3237 183 3306 λύπη
213 3235 250 3292 aie
285 3243 331 3296 ἐπὶ
365 3237 483 3303 ἀναξίων
511 3259 630 3295 ιιοοιοποιι
680 3241 736 3292 tion
753 3239 788 3291 ist
806 3239 861 3291 also
880 3239 937 3290 eine
955 3237 1146 3290 verschiedene.

110 3307 220 3360 θοῦντι.
715 3311 756 3360 15.
774 3311 961 3373 consequatur,
984 3322 1005 3358 s.
1017 3321 1050 3357 au
1065 3305 1084 3358 l.
1099 3308 1139 3373 16,
1155 3307 1197 3358 36.

80 3425 82 3431 .
145 3381 169 3430 d.
188 3393 289 3442 angor:
307 3372 431 3442 ἄχθου,ι
451 3374 523 3442 λύπη
546 3373 629 3446 βαρύ·
714 3378 851 3425 timorem:
882 3369 996 3440 δεῖμα,
1026 3369 1111 3441 φόβος
1138 3367 1198 3423 dtas

108 3461 204 3496 νουσα.
680 3443 813 3510 ἐμποιῶν.
848 3442 899 3493 Gic.
912 3438 1043 3492 tibersieht
1060 3439 1198 3490 beiseiner

145 3517 169 3564 1.
183 3527 327 3563 aerumna:
346 3506 466 3575 ὀδύνη,
485 3505 556 3574 λύπη
569 3512 627 3564 ἐπί·
681 3510 833 3576 Definitiou‚
852 3509 908 3560 dats
926 3508 972 3560 das
989 3505 1115 3559 Merkmal
1132 3507 1199 3557 mali

152 3651 176 3700 9.
208 3647 344 3698 molestia:
379 3643 471 3712 ἀνία,
516 3644 571 3712 ι’νπη
602 3647 631 3696 tu
683 3645 779 3699 dendes
801 3646 857 3698 sein
879 3643 961 3705 kann,
975 3641 1044 3693 ‚weil
1067 3656 1095 3693 es
1117 3640 1199 3693 sehon

110 3711 299 3786 διαλογισμῶν
322 3717 442 3780 μένουσα
464 3707 481 3778 ἢ
499 3716 631 3766 inenerra—
684 3713 741 3766 dem
753 3709 975 3778 Gattungsbegriil
988 3707 1131 3771 nultommt;
1144 3708 1199 3775 vgl.

110 3779 477 3848 μίνη;αοίίίίοίυ1ν“οιίνόχλ
503 3777 633 3846 credd-
685 3785 767 3846 1,14.
806 3781 964 3845 emperor
988 3777 1053 3828 lehlt
1076 3775 1121 3828 der
1144 3779 1200 3828 ent-

111 3868 155 3916 πη
179 3849 387 3919 στενοχωροῦσα
415 3853 460 3900 καὶ
478 3801 634 3918 λυσχωρίαν
685 3847 842 3915 sprechende
854 3843 953 3912 Begriff
963 3845 1004 3896 bei
1015 3844 1088 3911 lliog.
1103 3843 1199 3904 Laert3

111 3913 362 3988 παρασκευάζουσα.
397 3915 447 3969 rar
459 3916 553 3982 luetur,
564 3933 636 3967 mae·
686 3919 782 3968 ebeuso
799 3916 841 3967 fur
857 3913 985 3976 formido.

164 4000 244 4044 Glaero
258 3999 350 4044 rurant.
364 3998 393 4042 ll.
417 4001 436 4041 8.
450 3999 507 4042 Aull.
980 4002 995 4050 5

111 3596 208 3641 πονοι;
228 3582 362 3631 laboriosa
381 3571 449 3631 ‘sich
467 3574 629 3698 abiudlend'.
683 3579 928 3646 appropinquantia
954 3575 1015 3627 keiu
1039 3574 1199 3626 nutersahei·
