2790 4476
422 237 517 292 usna
533 239 562 296 u.
580 241 622 307 ao,
640 242 681 294 ea.
699 243 741 294 11.
760 241 801 306 11,
819 240 860 292 11.
1117 237 1177 294 147

94 411 300 474 multitudinis
323 412 431 475 iudicio
453 422 620 483 morentur,
642 431 710 474 cum
733 412 762 474 id
778 413 937 474 honestum
958 419 1074 492 putent,
1098 413 1178 494 quod

94 515 109 557 a
123 497 281 577 plerisque
298 497 445 560 laudetur.
475 497 517 559 'le
533 506 642 574 autem,
662 498 732 560 siin
750 497 843 560 oculis
858 496 898 559 sis
913 497 1119 572 multitudinis,
1135 507 1179 559 ta-

93 601 160 644 men
173 582 241 644 eius
251 582 367 645 iudicio
378 591 455 646 stare
468 583 560 644 nolim
572 601 638 658 nec,
650 583 730 662 quod
742 583 789 645 illa
801 591 894 664 putet,
906 581 983 644 idem
994 592 1100 663 putare
1111 583 1178 664 pul·

93 667 292 730 uberrimum.
325 669 389 730 Tuo
405 668 459 730 tibi
473 668 583 730 iudicio
599 678 644 730 est
659 669 819 744 utendum;
834 667 888 730 tibi
903 668 927 730 si
943 677 1022 730 recta
1038 667 1177 749 probanti

61 763 73 810 t
92 752 234 832 placebis,
251 763 322 815 tum
339 773 400 816 non
415 753 505 815 modo
521 764 580 816 tete
595 754 710 828 viceris,
725 755 805 833 quod
820 754 909 835 paulo
929 762 998 816 onte
1012 753 1177 835 praecipie-

92 839 167 912 bam,
183 839 239 901 sed
254 839 356 902 omnis
368 849 398 900 et
410 839 519 900 omnia.
549 839 614 900 lloc
625 839 715 919 igitur
725 838 779 901 tibi
791 858 938 920 propone,
954 839 1178 920 amplitudinem
1200 852 1230 901 64

92 923 179 985 animi
196 933 228 986 et
245 925 336 1004 quasi
350 924 499 1004 quandam
515 925 773 1005 exaggerationem
789 942 876 1005 quam
893 925 1062 986 altissimam
1076 925 1177 999 animi,

93 1027 165 1088 quae
188 1010 325 1072 maxime
348 1010 460 1072 eminet
490 1009 719 1072 contemnendis
745 1020 775 1071 et
796 1009 993 1090 despiciendis
1015 1009 1177 1084 doloribus,

92 1112 179 1156 unam
204 1113 276 1157 csse
302 1096 436 1157 omnium
457 1114 522 1157 rem
545 1094 774 1175 pulcherrimam
797 1114 892 1174 eoque
912 1095 1129 1174 pulchriorem,
1153 1096 1178 1157 si

52 1187 75 1236 tu
94 1188 172 1241 vacet
194 1180 317 1261 populo
340 1199 438 1260 neque
460 1181 596 1263 plausum
618 1190 740 1261 captans
767 1200 800 1242 se
828 1190 928 1241 tamen
955 1180 1020 1260 ipsa
1042 1181 1177 1242 delectet.

94 1264 280 1335 Quinetiam
298 1266 370 1328 mihi
386 1267 506 1346 quidem
521 1265 712 1328 laudabiliora
731 1264 869 1328 videntur
883 1265 992 1339 omnia,
1015 1284 1090 1344 quae
1112 1266 1177 1327 sine

94 1350 299 1413 venditatione
315 1361 345 1413 et
359 1351 423 1414 sine
440 1351 552 1432 populo
568 1359 643 1413 teste
657 1353 743 1424 fiunt,
759 1370 821 1413 non
838 1369 898 1430 quo
913 1351 1072 1428 fugiendus
1087 1350 1178 1411 sit-

94 1436 189 1496 omnia
206 1437 294 1497 enim
306 1436 385 1498 bene
398 1438 475 1498 lacta
490 1438 521 1498 in
536 1436 604 1498 luce
619 1456 651 1498 se
667 1437 818 1498 conlocari
832 1437 936 1498 uolunt
946 1470 998 1509 -,
1014 1434 1065 1497 sed
1078 1445 1176 1496 tamen

95 1520 207 1582 nullum
224 1522 333 1584 virtuti
347 1522 496 1584 theatrum
512 1521 694 1584 conscientia
709 1522 804 1584 maius
819 1531 873 1584 est.

54 1611 76 1659 15
175 1607 280 1687 Atque
296 1607 328 1669 in
341 1607 444 1688 primis
458 1608 636 1670 meditemur
650 1607 732 1683 illud,
747 1617 781 1668 ut
792 1608 865 1669 haec
876 1605 1018 1687 patientia
1029 1605 1176 1678 dolorum,
1194 1611 1229 1666 st

96 1707 180 1767 quam
196 1711 292 1773 saepe
308 1692 366 1754 iam
381 1693 473 1754 animi
488 1694 658 1754 intentione
673 1693 732 1755 dixi
748 1711 812 1754 esse
834 1693 1019 1767 firmandam,
1041 1691 1073 1752 in
1097 1691 1178 1752 omni
1200 1713 1231 1764 65

95 1790 204 1851 genere
235 1797 269 1840 se
301 1777 486 1857 aequabilem
513 1778 662 1859 praebeat.
707 1778 801 1858 Saepe
823 1777 902 1839 enim
925 1777 1027 1851 multi,
1055 1777 1106 1855 qui
1128 1785 1180 1838 aut

96 1870 220 1941 propter
242 1863 387 1925 victoriae
404 1863 593 1944 cupiditatem
617 1873 668 1924 out
688 1872 812 1942 propter
833 1862 944 1942 gloriae
960 1861 1122 1932 autetiam,
1145 1871 1179 1922 ut

97 1944 140 2006 ius
154 1964 244 2008 suum
262 1958 293 2009 et
309 1947 476 2011 libertatem
499 1957 647 2024 tenerent,
669 1947 791 2009 volnera
813 1956 996 2029 exceperunt
1009 1947 1127 2008 fortiter
1149 1956 1179 2007 et

53 2038 77 2086 20
96 2029 241 2107 tulerunt,
270 2033 363 2095 iidem
385 2036 492 2096 omissa
515 2034 710 2096 contentione
732 2031 865 2094 dolorem
893 2031 990 2094 morbi
1013 2033 1092 2094 ferre
1114 2051 1177 2093 non

98 2129 239 2196 possunt;
263 2120 465 2196 nequeenim
488 2119 587 2193 illum,
610 2137 698 2199 quem
721 2118 805 2180 lacile
829 2118 968 2191 tulerant,
991 2119 1106 2180 ratione
1128 2126 1180 2179 aut

96 2201 240 2278 sapientia
263 2204 407 2280 tulerant,
429 2205 481 2266 sed
503 2205 600 2267 studio
622 2204 721 2285 potius
744 2213 774 2266 et
795 2204 898 2285 gloria.
935 2202 1038 2283 ltaque
1060 2202 1179 2265 barbari

98 2286 212 2362 quidam
229 2299 262 2351 11
277 2290 423 2352 immanes
437 2291 517 2352 ferro
534 2292 684 2353 decertare
700 2308 854 2353 acerrume
869 2298 1005 2370 possunt,
1025 2298 1179 2370 aegrotare

129 2505 152 2556 l.
178 2508 209 2557 a'n
233 2510 323 2560 occulte
347 2525 401 2558 esee
427 2507 505 2560 heilst
528 2515 613 2562 sonet:
666 2509 738 2563 lerei.
774 2509 842 2561 Leel.
855 2511 955 2572 ausos
972 2510 997 2559 Α
1014 2508 1179 2558 1114111111-

98 2567 614 2648 GegenstandderAulmerlrsemheitund
665 2582 708 2628 tau
719 2581 778 2642 ipsa
791 2581 971 2629 contemnitur
988 2579 1015 2625 et
1029 2577 1179 2626 venditatio

96 2634 171 2693 Lrebe
189 2645 262 2711 sein,
286 2645 338 2696 wie
356 2645 388 2695 ed
406 2647 459 2696 stt
478 2643 519 2696 Vl.
537 2648 566 2706 2,
584 2649 613 2698 b:
665 2646 796 2710 qwedom
814 2650 894 2709 atque
906 2646 1048 2696 ostentatio
1067 2660 1122 2692 esee
1139 2643 1179 2692 da·-

96 2709 250 2766 publicam'e
267 2717 300 2764 tn
318 2714 403 2764 acutia
419 2728 519 2763 eumue.
553 2712 614 2765 Hier
665 2717 745 2764 citur.

99 2774 157 2826 aber
174 2777 245 2831 lrann
265 2797 296 2834 es
313 2796 361 2832 nor
378 2805 413 2827 ιι
430 2781 486 2832 sein
503 2783 534 2830 a'n
551 2796 613 2832 con·
700 2783 740 2833 12.
759 2785 786 2830 et
795 2782 854 2830 eine
869 2779 970 2844 populo
981 2782 1056 2842 teste,
1072 2777 1113 2829 ldr
1129 2794 1179 2828 nec

97 2849 186 2906 epecta
204 2865 274 2901 esee:
294 2849 450 2901 beobechtet
465 2849 578 2900 werden.
664 2853 729 2898 teste
744 2849 853 2914 populo,
871 2861 964 2912 wegen
981 2845 1027 2897 des
1038 2860 1178 2912 vorangeg.

132 2912 156 2963 3.
173 2917 232 2966 eim
246 2917 435 2968 iudicioetare
446 2941 480 2962 -
491 2919 553 2977 niti,
571 2932 615 2968 ae·
665 2919 724 2967 eine
740 2915 932 2966 venditatione.

99 2981 242 3044 quiescem
260 2984 316 3050 vgl.
335 2987 378 3051 tt,
395 2987 438 3038 81.
698 3000 754 3034 non
762 2983 918 3048 quo-sed
926 2987 1023 3045 tamen,
1033 2983 1083 3034 wie
1091 2981 1111 3034 l.
1121 2985 1177 3046 l,l:

131 3049 154 3098 5.
171 3052 282 3117 viceris,
293 3053 347 3119 vgl.
361 3056 385 3115 6,
399 3054 445 3106 te:
459 3053 614 3113 pertulerit.
664 3069 720 3104 non
737 3054 802 3117 quia
818 3080 853 3089 -
869 3052 924 3104 esd.

132 3117 155 3166 Ἰ.
184 3123 439 3187 exaggerationem,
469 3120 614 3186 llrhebuug,
701 3125 741 3173 14.
767 3121 917 3183 theatrum,
938 3120 989 3171 wie
1011 3117 1030 3171 l.
1049 3121 1096 3181 44,
1116 3121 1178 3172 tue:

101 3180 262 3254 sehrselten3
275 3187 391 3254 htufiger
402 3188 615 3254 isteoeoggerare
665 3188 725 3241 Seu.
743 3188 819 3255 epist.
838 3191 852 3239 'i
871 3195 949 3241 exte:
967 3188 1039 3239 llaec
1055 3203 1106 3252 ego
1122 3203 1178 3238 non

101 3259 126 3297 111
142 3256 300 3320 tropischem
320 3257 408 3321 Sinus,
424 3255 481 3309 as.
493 3255 525 3310 V.
535 3259 612 3322 18,tt
664 3259 771 3321 multis,
793 3257 842 3308 aed
857 3259 924 3320 cicc·
943 3261 1012 3308 eatte
1033 3260 1104 3306 enim
1121 3271 1179 3306 naa·

101 3319 183 3384 1130,
202 3325 244 3377 85.
661 3341 748 3391 mum
759 3325 921 3377 alteralteri
932 3327 1177 3376 theatrumeumm.

134 3387 156 3438 8.
176 3405 270 3457 unaeu,
286 3392 342 3458 vgl.
357 3408 391 3444 au
410 3394 451 3457 tt,
467 3394 509 3444 43.
699 3396 741 3447 te.
766 3397 797 3444 in
818 3397 892 3445 omni
914 3409 1025 3458 genere,
1053 3392 1080 3442 iu
1102 3389 1177 3454 jeder

133 3455 276 3512 brionam
287 3460 397 3526 populo,
411 3460 612 3513 wennsieohue
664 3461 790 3526 llinsicht,
807 3462 834 3514 in
851 3461 920 3514 allen
937 3459 1033 3512 Fellen.

102 3515 200 3586 Zeugeu
212 3527 256 3593 ist,
269 3529 329 3581 hein
342 3527 478 3580 Publiltum
493 3529 546 3580 hut.
572 3530 612 3581 An
700 3535 740 3583 11.
750 3530 876 3595 Saepe-
885 3529 972 3592 multi,
984 3542 1005 3578 s.
1015 3542 1046 3577 au
1058 3525 1077 3587 l,
1086 3526 1177 3587 31114.

103 3590 613 3660 11111111111141111111111111111,
701 3601 739 3652 19.
770 3598 881 3649 onlnem
907 3599 1082 3661 exceperunt,
1111 3593 1175 3643 nach

104 3652 133 3704 ⁴1⁸
156 3675 241 3726 neque
260 3666 386 3732 platenam
404 3669 516 3730 captane
537 3666 613 3717 einen
664 3666 791 3731 Analogie
802 3681 854 3717 von
870 3665 967 3729 plagae
979 3664 1112 3728 accipere,
1124 3659 1176 3725 vgl.

104 3717 299 3802 Koozessivsata
322 3732 432 3784 vertritt.
467 3731 613 3785 Deutlicher
665 3732 908 3798 so,so;v.ut‚te.
932 3730 967 3782 So
979 3729 1045 3782 euch
1057 3731 1084 3781 ll.
1095 3731 1120 3795 5,
1131 3732 1176 3782 14:

104 3802 169 3845 ware
182 3797 296 3852 lreilich:
313 3805 337 3852 11·
348 3829 382 3840 -
393 3817 479 3867 neque
488 3802 614 3867 planetam
665 3803 784 3854 dolorem
801 3804 932 3866 eecipere.

106 3867 197 3928 captet,
213 3883 274 3920 cum
286 3875 413 3920 tamense
424 3875 483 3934 ipsa
496 3869 614 3922 delectet.
699 3873 740 3922 at.
759 3871 874 3932 ratione,
892 3868 942 3918 wie
960 3872 985 3931 4,
1005 3870 1044 3920 11.

139 3931 179 3985 11.
192 3938 250 3987 eine
261 3939 451 4004 venditatione,
460 3938 527 3990 chuc
536 3937 614 3990 Proh·
699 3940 744 3991 22.
764 3938 853 3988 stacta
872 3940 897 3986 et
914 3936 1014 4000 gloria.
1050 3932 1177 3984 Studium

920 4020 972 4074 10*
