2790 4476
453 235 547 288 uuna
564 235 592 288 ll.
613 237 652 300 13,
671 239 712 290 at.
731 238 771 291 31.
793 240 832 289 tt
1120 237 1179 294 127

98 409 318 489 amplectimur,
342 417 376 470 ut
398 408 498 470 omnia
513 415 678 488 praeterea,
701 427 776 488 quae
797 408 876 470 bona
891 409 1027 490 corporis
1042 420 1071 472 et
1085 413 1181 472 fortu-

101 513 160 556 nae
176 503 329 575 putantur,
351 493 510 574 perexigua
527 502 556 556 et
571 493 685 555 minuta
700 493 864 570 videantur,
881 513 936 556 nec
952 495 1061 556 malum
1077 495 1182 568 ullum,
1289 543 1298 561 .

100 599 141 642 ne
156 579 183 642 si
198 581 229 641 in
246 597 339 640 unum
356 579 475 658 quidem
496 579 594 640 locum
617 579 734 640 conlata
752 581 851 640 omnia
870 579 939 656 sint,
963 599 1031 643 cum
1051 581 1181 661 turpitu-

99 665 181 727 dinis
196 665 275 726 malo
291 664 499 744 comparanda.
531 664 613 736 Quae
628 682 661 725 re
676 665 710 738 si,
731 673 764 726 ut
779 665 864 726 initio
880 666 1064 741 concessisti,
1086 667 1183 746 turpi·
1205 676 1233 726 at

56 761 73 808 5
100 751 175 812 tudo
199 751 287 831 peius
308 757 354 812 est
375 768 464 830 quam
487 749 581 824 dolor,
604 749 678 810 nihil
701 758 746 811 est
767 750 856 830 plane
878 750 971 813 dolor.
1016 751 1090 813 Nam
1112 751 1182 813 dum

99 835 156 897 tibi
171 843 261 916 turpe
277 853 334 896 nec
349 835 473 915 dignum
489 837 551 898 viro
566 835 714 896 videbitur
728 853 858 915 gemere,
873 836 994 913 eiulare,
1015 836 1183 911 lamentari,

99 921 211 1001 mangi,
227 920 375 982 debilitari
390 921 502 996 dolore,
518 920 588 981 dum
603 919 753 994 honestas,
769 920 838 982 dum
855 920 991 1001 dignitas,
1006 922 1077 983 dum
1092 922 1183 984 decus

100 1006 207 1081 aderit,
230 1014 323 1085 tuque
337 1006 368 1068 in
385 1024 419 1067 ea
434 1007 555 1069 intuens
574 1014 604 1068 te
626 1005 804 1080 continebis,
828 1007 912 1068 cedet
931 1008 1067 1087 prolecto
1084 1008 1183 1069 virtuti

100 1093 188 1153 dolor
204 1102 235 1153 et
250 1091 341 1152 animi
357 1092 529 1154 inductione
545 1092 725 1171 languescet
756 1091 814 1153 Aut
835 1091 915 1152 enim
937 1091 1018 1153 nulla
1033 1093 1124 1155 virtus
1139 1102 1184 1155 est

43 1187 75 1236 ιο
100 1186 154 1239 aut
169 1176 412 1239 contemnendus
427 1177 524 1239 omnis
539 1177 634 1238 dolor.
661 1175 894 1238 Prudentiamne
905 1177 947 1238 vis
959 1195 1034 1251 esse,
1049 1178 1114 1240 sine
1126 1196 1185 1257 qua

100 1282 142 1324 ne
156 1262 292 1342 intellegi
309 1261 427 1342 quidem
442 1263 502 1324 ulla
517 1263 609 1324 virtus
623 1258 745 1342 potest?
767 1261 845 1334 Quid
861 1258 952 1341 ergo?
967 1280 1002 1323 ea
1016 1262 1184 1343 patieturne

99 1357 132 1410 te
147 1349 311 1427 quicquam
331 1349 430 1409 iacere
446 1348 520 1410 nibil
534 1348 741 1428 proficientem
763 1357 792 1408 et
805 1347 914 1408 trustra
928 1347 1123 1421 laborantem,
1145 1365 1183 1407 an

100 1434 301 1513 temperantia
314 1433 393 1495 sinet
406 1441 435 1494 te
451 1434 643 1495 immoderate
659 1433 756 1494 lacere
767 1432 937 1511 quicquam,
953 1450 990 1493 an
1003 1432 1061 1493 coli
1075 1432 1184 1494 iustitia

5 1525 10 1569 ·.
100 1519 217 1598 poterit
238 1518 276 1579 ab
299 1518 421 1580 homine
442 1529 568 1599 propter
595 1518 653 1580 rim
676 1517 787 1580 doloris
814 1518 991 1579 enuntiante
1019 1518 1184 1591 commissa,

48 1613 77 1662 15
100 1603 254 1686 prodente
270 1604 415 1680 conscios,
438 1605 529 1666 multa
545 1604 642 1666 ollicia
662 1599 873 1683 relinquente?
903 1599 1004 1674 Quid?
1018 1603 1185 1665 lorutudini
1207 1613 1237 1662 32

100 1688 326 1769 comitibusque
338 1688 411 1764 eius,
422 1689 621 1769 magnitudini
629 1689 730 1763 animi,
746 1688 888 1767 gravitati,
900 1689 1068 1769 patientiae,
1084 1707 1186 1750 rerum

5 1797 7 1874 q
99 1777 303 1836 bumanarum
318 1774 529 1855 despicientiae
544 1793 604 1854 quo
621 1774 708 1835 modo
724 1770 943 1853 respondebis?
966 1773 1139 1836 adflictusne
1156 1783 1187 1834 et

5 1875 7 1936 t
100 1861 207 1922 iacens
222 1868 253 1921 et
267 1859 447 1921 lamentabili
463 1879 536 1921 voce
551 1860 711 1940 deplorans
727 1857 844 1920 audies:
857 1851 899 1919 ‘0
913 1862 1011 1919 virum
1025 1855 1186 1938 sorteml’?

6 1962 8 2020 ι
101 1946 148 2006 'l'e
165 1963 235 2006 vero
252 1945 291 2006 ita
308 1945 456 2006 adiectum
471 1965 510 2006 ne
527 1945 623 2006 virum
640 1944 759 2025 quidem
775 1944 931 2023 quisquam
946 1943 1063 2004 dixerit.
1092 1943 1186 2005 Amit-

48 2038 78 2087 20
101 2031 196 2093 tenda
211 2031 304 2110 igitur
318 2030 460 2092 fortitudo
476 2040 521 2092 est
535 2038 586 2091 aut
600 2029 790 2111 sepeliendus
804 2028 898 2089 dolor.

193 2114 310 2195 Ecquid
325 2115 383 2177 scis
397 2115 497 2196 igitur,
512 2116 537 2177 si
552 2116 622 2195 quid
639 2115 675 2176 de
691 2113 850 2178 Corinthiis
866 2114 925 2175 tuis
938 2113 1082 2188 amiseris,
1097 2132 1184 2193 posse
1203 2127 1239 2179 14
1311 2167 1316 2180 .

103 2215 242 2282 licbguten
265 2214 307 2267 od.
325 2214 533 2281 Tugeudbalten;
557 2215 620 2267 auch
675 2215 732 2267 sind
745 2213 786 2266 die
798 2213 854 2265 vier
866 2217 1044 2280 scgeuauuten
1056 2212 1189 2265 llirdinal·

104 2289 213 2336 rectum
230 2284 266 2336 ist
288 2308 322 2330 =
346 2285 444 2335 bonum
461 2284 503 2336 cd.
520 2283 623 2349 pllicbt-
675 2282 814 2349 lugenden.
841 2281 899 2348 Vgl.
917 2280 949 2333 de
967 2279 1010 2333 oll.
1029 2281 1047 2338 l.
1066 2283 1091 2333 5.
1124 2281 1188 2335 Zum

106 2351 213 2418 milsig.
675 2350 813 2404 Gedanlsen
831 2349 885 2418 vgl.
896 2352 937 2415 25,
948 2348 1027 2412 57ffi3
1041 2349 1079 2402 lll.
1090 2352 1131 2414 18,
1142 2351 1188 2410 66;

144 2423 169 2474 1.
204 2420 392 2486 amplectimur
420 2445 451 2464 =
486 2419 624 2470 versteben
676 2421 717 2482 32,
736 2423 776 2471 tt.

107 2492 185 2542 unter
202 2517 249 2552 —,
272 2488 385 2540 insolern
404 2489 449 2540 der
467 2485 566 2552 Regrill
580 2487 625 2538 der
712 2491 751 2540 tt.
768 2486 840 2551 Quid
851 2487 941 2552 ergot,
960 2487 1007 2537 mit
1019 2485 1189 2552 gleicberBe-

108 2556 193 2610 Sacbe
216 2572 269 2608 von
294 2554 350 2608 dem
369 2555 466 2609 Numen
489 2555 624 2620 gewisaer-
676 2553 1190 2620 deutungwiel.25,61:Qnidigiturt

107 2624 209 2678 malsen
227 2623 407 2677 umacblossen
426 2622 498 2677 vird.
714 2626 755 2677 17.
773 2622 944 2688 respondebis
963 2621 1036 2673 ibren
1049 2620 1190 2673 uerterun-

145 2696 171 2747 3.
193 2692 303 2744 conlata
326 2695 432 2758 omnia,
456 2691 480 2743 d.
499 2691 524 2742 b.
550 2705 625 2742 wenn
678 2704 727 2756 gen
754 2690 939 2756 entsprecbeu,
966 2689 1016 2754 eig.
1039 2690 1090 2740 wie
1116 2689 1190 2740 wirnt

25 2773 27 2778 ’
108 2761 162 2813 alle
184 2747 252 2813 [lbel
274 2776 306 2813 zu
324 2760 407 2813 ciuem
430 2760 547 2824 einnigeu
570 2773 626 2809 ver-

109 2829 194 2896 einigt
212 2828 325 2884 werden.
360 2829 400 2881 Αιι
418 2828 506 2880 diesen
525 2825 627 2877 Neben-

108 2903 168 2951 aeta
186 2897 232 2949 bat
247 2897 302 2948 sich
320 2896 366 2949 das
379 2894 501 2948 Pridiltat
519 2909 626 2960 compa·

109 2966 201 3018 randa
219 2967 293 3030 (atatt
307 2965 529 3033 comperandum)
549 2976 626 3028 ange-

110 3033 256 3086 scbloseen.

147 3117 208 3154 cum
227 3101 406 3166 turpitudinis
422 3100 502 3163 malo,
519 3114 541 3152 s.
551 3098 571 3152 1.
585 3101 627 3164 15,

112 3173 148 3224 34
170 3185 201 3222 au
224 3170 371 3221 mercedem
392 3171 513 3234 gloriae,
540 3169 627 3233 turpi-

113 3239 179 3290 tude
191 3239 226 3290 ist
238 3237 285 3290 das
295 3236 429 3304 Gegenteil
442 3252 493 3289 von
506 3238 629 3288 nonestus

112 3309 139 3360 in
158 3305 395 3373 pbilosophiscbem
415 3304 501 3357 Sinne.

677 2758 711 2809 du
730 2758 798 2824 dicb,
814 2773 862 2809 vor
880 2757 919 2808 ibr
931 2755 1054 2808 Tribuual
1072 2755 1188 2821 geladen,

677 2829 867 2877 verantworten
881 2823 1001 2876 konnen?
1022 2823 1190 2890 despondere

677 2895 712 2945 ist
729 2893 845 2961 gericbtl.
863 2890 949 2947 Terin.
969 2892 1053 2945 tecbn.

714 2963 753 3014 18.
770 2964 868 3026 icceru,
881 2961 930 3013 trie
943 2959 986 3014 IV.
996 2963 1088 3026 ittam
1101 2964 1190 3026 aegri-

678 3030 772 3082 tudine
789 3033 850 3095 quic
866 3030 1005 3095 adflictus,
1028 3029 1191 3097 debilitatus,

678 3115 776 3150 iacens.

714 3169 753 3222 19.
777 3166 945 3230 Amittenda,
966 3181 1026 3217 man
1048 3169 1117 3219 mnis
1134 3167 1189 3218 sicb

678 3235 737 3288 dem
755 3241 900 3300 aussetzen,
922 3250 954 3286 zu
972 3233 1108 3299 verlieren,
1130 3235 1154 3286 d.
1172 3236 1190 3289 i.

679 3302 771 3355 daraul
794 3303 949 3354 veraicbtcu.
994 3301 1029 3354 So
1055 3302 1191 3354 bisweilen

150 3380 174 3428 5.
207 3377 299 3440 peius,
338 3373 551 3426 substantiviscb:
587 3372 628 3423 ein
676 3369 1191 3438 praedamoccasionemamittere.Vgl.

114 3443 243 3510 grblmres
261 3431 337 3495 Ubel.

150 3515 176 3566 l.
202 3512 329 3562 tenutas
347 3517 411 3575 cet,
433 3525 455 3564 a.
472 3524 504 3562 an
523 3509 565 3573 20,
583 3509 628 3560 46:

111 3581 215 3646 gloria.

149 3651 174 3702 8.
188 3647 286 3709 adesit,
299 3645 439 3712 gleichsam
451 3645 489 3696 als
499 3643 629 3696 Beistand.

149 3721 174 3770 9.
193 3718 281 3767 animi
296 3715 461 3776 inductione,
478 3728 511 3764 an
529 3712 629 3764 deiueuu

681 3440 713 3492 ad
726 3439 782 3492 ller.
791 3438 834 3492 tv,
843 3441 885 3501 44,
896 3442 941 3491 ot:
965 3440 1085 3504 (Decius)
1097 3441 1192 3488 emisit

680 3513 773 3572 vitam,
790 3508 827 3560 ed
838 3523 894 3559 non
908 3507 1036 3573 perdidit.

716 3579 757 3630 20.
768 3575 932 3642 sepeliendus
949 3590 982 3625 zu
994 3571 1191 3638 unterdrticlten‚

682 3646 731 3696 wie
758 3644 789 3697 de
811 3645 873 3709 imp.
897 3643 941 3695 Gn.
965 3640 1054 3708 Pomp.
1080 3643 1190 3706 11,30:

681 3713 777 3765 bellum
789 3714 908 3778 Pompeii
924 3710 1043 3761 aduentu
1058 3710 1192 3762 miletum

113 3785 221 3850 (testea)
240 3783 374 3846 Vorsutze,
391 3783 443 3836 d.i.
461 3781 577 3846 Euergie.
680 3798 714 3833 ac
729 3781 870 3847 sepultum.

151 3857 192 3908 10.
207 3851 417 3904 prudentiamne
434 3855 482 3902 cet.
512 3849 630 3900 Pruden-

115 3925 163 3989 tia,
173 3922 365 3989 temperantia,
373 3921 487 3981 iustitia,
496 3915 630 3978 fortitudo

716 3851 757 3902 21.
780 3847 898 3913 Ecquid,
919 3846 985 3898 obue
1003 3845 1191 3898 verneinenden

683 3916 754 3983 Sion,
765 3917 828 3968 wird
841 3913 989 3982 gebraucht,
1000 3928 1042 3964 um
1054 3914 1099 3966 aul
1110 3921 1192 3966 etwas
