2804 4474
516 225 611 278 LIBER
627 225 670 278 tr.
690 227 731 289 tt,
741 228 783 280 36.
1142 225 1182 286 75

104 403 187 477 agat,
210 404 245 458 ut
259 396 323 472 ille,
344 397 396 477 qui
418 397 594 478 voluptutem
608 401 703 460 animi
722 402 846 460 nimium
865 417 1010 462 summum
1030 418 1087 462 arse
1101 419 1185 463 erre·

103 501 165 544 rem
187 481 357 544 arbitratur.
397 482 510 544 Eorum
535 482 626 563 igitur
651 483 796 546 malorum
821 484 852 544 in
874 502 934 545 nna
960 484 1067 547 virtute
1088 486 1183 566 posita

103 567 218 628 sanatio
234 575 288 628 est.

200 652 278 724 Quid
293 661 391 714 autem
407 660 452 714 est
472 671 535 713 non
555 651 691 713 miserius
711 652 824 727 solum,
844 652 895 714 sed
918 653 1033 715 loedius
1053 653 1140 714 etiam
1154 663 1184 715 et
1200 662 1237 717 ld

62 748 78 798 5
101 736 267 799 deformius
282 755 371 816 quam
385 737 570 813 aegritudine
593 737 659 816 quis
681 737 832 813 adflictus,
854 737 1037 811 debilitatus,
1062 736 1183 802 iacens?

103 821 158 883 Cui
172 822 309 885 miseriae
323 841 485 903 proxumus
501 822 595 896 estis,
612 821 663 902 qni
679 822 923 903 appropinquans
938 823 1056 904 aliquod
1071 825 1183 886 malum

102 907 211 970 metuit
226 907 467 987 exanimatusque
482 907 593 989 pendet
608 907 708 968 animi.
739 907 834 979 Quam
848 908 906 968 viin
921 909 990 970 mali
1012 907 1183 988 signilioan·

102 1000 147 1054 tes
162 1002 268 1072 poetae
282 991 456 1072 impendere
470 994 549 1073 apud
564 993 677 1054 inferos
693 1011 796 1054 saxum
811 993 935 1054 Tantalo
949 993 1063 1055 iaciunt

195 1075 250 1138 'Ob
261 1078 367 1140 scelera
378 1081 522 1158 animique
536 1081 724 1158 inpotentiam
739 1079 765 1138 it
779 1077 1082 1159 superbiloquentiam.

49 1170 79 1222 10
100 1160 145 1222 lia
160 1162 328 1224 communis
343 1180 441 1242 poena
455 1162 596 1227 stultitiae
612 1170 673 1238 est;
692 1161 831 1224 omnibus
847 1162 936 1237 enim,
952 1180 1081 1241 quorum
1096 1182 1182 1226 mens

101 1246 244 1309 abhorret
258 1266 275 1307 a
289 1247 421 1322 ratione,
445 1265 564 1327 semper
578 1246 669 1327 aliqui
691 1247 757 1309 talis
776 1256 873 1308 terror
894 1246 1055 1326 impendet.
1085 1250 1183 1329 Atque
1204 1261 1233 1312 to

100 1340 135 1393 ut
149 1332 224 1394 haec
239 1331 374 1394 tabificae
389 1334 497 1394 mentis
511 1332 752 1412 perturbationes
775 1341 861 1406 sunt,
885 1332 1099 1410 aegritudinem
1116 1333 1181 1395 dico

101 1425 131 1477 et
151 1427 280 1492 metum,
306 1418 349 1480 sic
370 1417 524 1479 hilariores
550 1417 632 1491 illae,
659 1417 804 1497 cupiditas
828 1416 910 1478 avide
930 1435 1049 1496 semper
1071 1417 1181 1496 aliquid

6 1553 8 1558 ,
101 1511 245 1580 expetens
260 1510 290 1564 et
304 1503 402 1564 inanis
417 1502 565 1576 alacritas,
580 1502 609 1563 id
626 1511 671 1564 est
684 1502 794 1563 laetitia
809 1501 955 1581 gestiens,
978 1520 1040 1563 non
1055 1503 1182 1564 multum

45 1594 77 1646 15
100 1586 242 1650 dillerunt
263 1587 300 1648 ab
321 1588 459 1650 armentia.
493 1586 537 1647 Ex
559 1605 618 1666 qno
641 1587 822 1666 intellegitur
843 1586 937 1666 qualis
952 1586 1001 1648 ille
1016 1587 1069 1660 sit,
1092 1606 1180 1667 quem

98 1679 162 1732 tum
178 1672 378 1747 moderatum,
400 1672 470 1734 alias
484 1672 665 1747 modestum,
688 1680 752 1733 tum
766 1679 998 1753 temperantem,
1021 1672 1091 1735 alias
1107 1691 1180 1735 con·

6 1829 8 1840 .
98 1764 228 1818 stantem
249 1758 512 1835 continentemque
535 1756 675 1834 dicimus;
707 1777 769 1818 non
792 1775 956 1836 numquam
981 1757 1054 1820 haec
1077 1759 1180 1819 eadem
1234 1791 1241 1808 κ

96 1842 241 1904 vocabula
256 1843 291 1905 ad
306 1842 481 1923 frugalitatis
503 1861 613 1904 nomen
630 1851 779 1922 tamquam
802 1842 838 1904 ad
860 1852 949 1922 caput
969 1843 1081 1904 referre
1096 1843 1180 1904 volu-

96 1944 173 1990 mus.
212 1927 299 1998 Quod
321 1928 378 1990 nisi
400 1946 435 1989 eo
458 1927 580 1988 nomine
600 1927 723 1989 virtutes
744 1929 988 2000 continerentur,
1017 1945 1178 2006 numquam

43 2020 73 2071 to
95 2011 135 2074 ita
156 2012 363 2093 pervolgatum
383 2011 457 2074 illud
478 2021 570 2087 esset,
596 2020 630 2073 ut
650 2012 708 2073 iam
729 2012 878 2092 proverbii
898 2012 999 2073 locum
1020 2012 1179 2083 obtineret,

93 2148 139 2200 aul
156 2147 206 2199 den
219 2146 281 2199 Vers
296 2147 342 2199 dee
355 2145 489 2199 Komilrers
507 2145 537 2207 Q.
550 2143 611 2198 Tra·
661 2162 752 2198 merus
763 2147 891 2200 hairtam
904 2147 1068 2199 colentem
1080 2163 1179 2213 ugrum

93 2216 151 2281 bea,
169 2215 201 2267 de
213 2213 295 2268 finll.
304 2219 329 2278 4,
342 2218 386 2269 13:
403 2213 491 2266 Tciuta
505 2215 610 2266 luentia
662 2214 744 2277 facim
759 2219 839 2268 unten
850 2214 880 2269 V.
895 2218 934 2278 33,
950 2218 1011 2268 115:
1024 2232 1084 2268 oum
1093 2219 1193 2284 artato,

95 2284 191 2336 edetur
207 2299 276 2348 rum,
292 2288 325 2335 nt
340 2284 412 2334 nibil
428 2283 530 2334 odmtet
546 2312 588 2334 -.
663 2285 930 2349 conloquentem
965 2281 1036 2344 fucit
1070 2286 1179 2350 eiusque

130 2349 610 2417 t.urttn‚vgl.1.nummorum.
663 2352 805 2403 tenuare
839 2351 974 2411 foretne.
997 2381 1031 2390 -
1051 2339 1178 2417 tangens

127 2421 498 2485 uoluptatem—arbitratur.
516 2418 609 2470 Diesen
662 2419 727 2472 wind
745 2419 846 2472 sowobl
867 2420 912 2472 des
930 2417 1054 2472 'l'antalns
1072 2418 1178 2484 Schuld,

95 2486 159 2540 Vers
177 2487 224 2539 des
242 2484 341 2539 Trabea
358 2487 403 2538 hat
415 2486 507 2538 Bentle
544 2486 610 2538 nach
662 2488 712 2538 wie
730 2487 772 2539 die
784 2489 831 2540 Art
849 2487 933 2539 seiner
948 2486 1032 2540 Straie
1050 2487 1178 2540 verschie-

94 2570 200 2608 unserer
217 2554 298 2606 stelle
313 2554 366 2606 und
378 2555 408 2607 ad
428 2554 488 2607 larn.
505 2503 533 2606 H.
552 2557 576 2615 9,
595 2555 610 2603 2
662 2553 712 2606 den
737 2555 895 2622 angegeben.
938 2555 966 2605 ln
990 2549 1109 2607 letz'terer
1129 2554 1179 2606 Re·

94 2624 132 2676 als
156 2623 237 2676 trech.
256 2621 360 2689 Septen.
383 2637 412 2674 so
431 2623 527 2674 wieder
555 2621 611 2672 ber-
662 2622 773 2689 aiebnng
790 2623 842 2688 rgl.
860 2621 879 2673 l.
897 2626 921 2686 5,
941 2625 981 2676 10.

93 2690 211 2757 gestellt:
241 2685 305 2756 'ligo
336 2690 498 2756 uoluptatem
526 2688 612 2741 inimi
697 2693 721 2744 9.
742 2691 895 2742 occasura
917 2695 966 2741 cet.
1007 2688 1057 2740 Iler
1073 2688 1178 2740 Dichter

93 2762 207 2810 nimiam
219 2758 351 2811 summum
363 2775 416 2810 erre
429 2773 548 2810 errorem
566 2755 612 2807 dr·-
662 2758 697 2809 ist
715 2757 872 2810 unbekannt.

93 2831 189 2881 bitrem
218 2827 308 2878 Emer
321 2819 488 2892 ‘Verirrung’.
696 2825 981 2892 superbiloquentiam,
1027 2818 1177 2876 ἀκόλαστος

129 2898 153 2946 5.
177 2899 269 2947 iucem
292 2888 333 2947 ‘au
356 2894 446 2947 Roden
464 2888 612 2960 gestreckt’,
681 2888 776 2946 λῶσσα
792 2892 888 2958 (Eurip.
908 2891 990 2945 Orest.
1012 2895 1061 2955 10),
1082 2905 1115 2944 an
1132 2891 1177 2943 der

93 2961 191 3015 wiell.
212 2964 311 3027 13,32.
663 2911 737 3013 iaici
761 2960 805 3012 der
823 2959 918 3012 Gdtter.
946 2958 1027 3024 (Nach
1050 2958 1176 3010 anderen:

129 3035 154 3083 1.
170 3031 269 3097 pendet
285 3033 379 3083 animi.
421 3028 456 3081 So
474 3027 507 3079 de
525 3027 575 3094 leg.
592 3026 610 3080 l.
663 3028 709 3080 dae
727 3027 881 3080 Solilacbten
906 3028 990 3080 seinos
1001 3026 1111 3080 -Solrnes
1130 3025 1178 3079 Pe-

94 3101 160 3162 3‚9:
172 3097 521 3164 egoenimipendareroleo.
539 3094 611 3148 Docb
662 3096 729 3163 lops,
747 3095 788 3149 die
806 3095 985 3162 Entweudung
1001 3111 1054 3148 ron
1070 3094 1178 3147 Ambro-

93 3167 129 3218 ist
140 3169 227 3218 animi
238 3166 308 3218 nieht
320 3165 358 3218 als
371 3165 487 3230 Genetiv,
500 3163 610 3216 sondern
662 3165 700 3216 sia
723 3164 775 3216 und
798 3162 895 3216 Nektar
917 3164 958 3216 liu
980 3164 1073 3217 undere
1090 3162 1178 3216 Sterb·

94 3233 134 3286 als
151 3233 261 3286 Lokativ
277 3234 434 3292 anzuseben3
453 3230 504 3284 sl.
523 3233 564 3298 22,
577 3234 608 3286 51
661 3232 738 3297 liobe,
756 3249 780 3286 u.
799 3232 861 3299 dgl.)

94 3302 240 3354 audomari.
270 3301 306 3353 lrn
318 3301 386 3354 Plur.
398 3300 465 3352 wird
479 3299 554 3352 dalilr
565 3299 611 3352 der
698 3303 737 3354 11.
749 3301 978 3366 aliqui-terror,
990 3301 1041 3354 wie
1052 3299 1070 3352 1.
1082 3303 1122 3364 11,
1133 3303 1175 3354 23.

94 3370 153 3422 Abi.
171 3372 271 3422 animm
288 3373 400 3436 gesetzt;
423 3385 453 3421 so
470 3367 488 3420 1.
506 3371 548 3431 40,
567 3369 609 3422 96.
697 3370 736 3421 12.
755 3370 828 3433 buce,
846 3383 867 3420 s.
885 3384 917 3420 nu
934 3369 972 3420 ill.
990 3370 1032 3434 34,
1050 3369 1092 3420 84.

130 3440 154 3491 8.
171 3435 490 3505 impendere-faciunt.
525 3434 610 3491 lnder
697 3439 737 3488 14.
760 3437 791 3487 id
812 3436 858 3502 ert,
880 3452 901 3488 s.
924 3452 957 3489 nu
978 3435 1016 3487 111.
1040 3438 1080 3498 27,
1099 3438 1140 3488 65.

93 3506 204 3559 Bedeut.
218 3499 272 3559 ‘ich
294 3505 362 3558 lasse
380 3506 418 3570 (in
435 3505 532 3556 meiner
549 3502 610 3555 Dar·
696 3506 736 3557 18.
755 3510 891 3571 tamquam
904 3505 947 3570 ad,
966 3503 1174 3567 s.zul.11,24:

94 3574 219 3640 stellnng)
243 3575 318 3626 einen
342 3578 424 3627 etwas
447 3566 518 3624 thun’
544 3571 610 3622 wird
662 3575 751 3638 quarm
770 3577 853 3639 ceput
868 3566 1095 3639 ‘Hauptbegrili’.'
1161 3605 1162 3608 η

94 3640 170 3703 faeie
183 3641 320 3695 bisweilen
332 3641 398 3694 auch
415 3642 462 3693 mit
479 3640 537 3692 dem
549 3641 610 3690 dcc.
697 3643 737 3694 19.
756 3640 835 3704 Quod
847 3640 919 3692 dient
930 3655 977 3691 nur
995 3654 1040 3690 nur
1051 3638 1175 3704 dnkndp·

94 3725 117 3763 c.
135 3709 219 3774 lnlin,
239 3709 402 3777 gcwdbnlicb
420 3710 481 3760 aber
498 3707 550 3760 und
568 3721 612 3758 na·
662 3707 770 3774 lungun
783 3708 828 3762 das
842 3705 1068 3773 Vorhergebende;
1085 3723 1116 3758 en
1127 3723 1175 3758 no·

95 3778 229 3842 mendich,
247 3793 323 3830 wenn
341 3779 386 3831 dae
399 3776 457 3841 Obj.
475 3775 532 3828 eine
550 3775 612 3826 ban·
661 3780 733 3826 mine
748 3779 861 3828 uirtutes
877 3781 956 3840 eunt,
967 3774 1020 3840 vgl.
1032 3774 1071 3826 lli.
1084 3775 1108 3839 8,
1128 3777 1173 3828 16:

95 3846 189 3899 deinde
202 3844 299 3897 Person
317 3847 360 3909 ist,
377 3846 424 3897 mit
441 3845 499 3896 dem
517 3842 611 3894 Partic.
661 3845 748 3894 omnir
757 3846 826 3895 enim
836 3843 1176 3910 abstinentim-reliquaa

95 3913 253 3967 verbunden.
265 3913 324 3980 Vgl.
335 3914 389 3966 Gat.
399 3910 433 3966 bl.
448 3915 487 3976 15,
501 3909 610 3964 54:110-
661 3914 743 3962 etium
757 3915 872 3964 virtuter
885 3910 1034 3977 frugalitas
1048 3915 1174 3964 eontinet.
