2790 4476
185 174 245 233 106
548 173 642 228 LIBER
660 175 678 227 l.
696 178 738 241 49,
756 180 813 230 111.
834 178 891 229 118.

182 349 345 423 Leonidas,
369 347 529 409 Thebanus
545 347 767 427 Epaminondas
781 349 869 428 viget.
905 349 1030 411 Nostros
1051 368 1112 410 non
1137 356 1264 422 norunt,

182 453 258 514 quos
281 450 455 496 enumerare
478 450 618 512 magnum
641 442 698 509 est;
721 433 761 495 ita
782 442 853 496 sunt
875 434 974 509 multi,
998 433 1107 513 quibus
1129 435 1263 496 ridemus

184 518 320 601 optabilis
336 527 447 581 mortes
462 517 552 580 luisse
567 535 635 580 eum
650 518 752 599 gloria.

133 616 175 666 tlt
269 605 351 676 Quae
373 623 441 666 eum
457 603 497 665 ita
511 605 588 678 sint,
611 622 718 684 magna
739 613 838 667 tamen
863 604 1033 684 eloquentia
1056 613 1101 666 est
1116 604 1262 665 utendum

183 700 271 770 atque
287 691 327 751 ita
341 690 421 750 velut
436 689 590 771 superiore
606 708 622 750 e
637 690 703 752 loeo
719 690 964 763 contionandum,
980 698 1014 751 ut
1026 690 1164 751 homines
1179 707 1262 751 mor·
1288 705 1308 752 5

183 787 244 838 tem
273 775 318 835 vel
347 783 449 855 optare
480 775 624 855 inoipiant
646 775 692 836 vel
714 783 794 837 eerte
815 775 921 837 umere
942 776 1094 837 desistant.
1138 774 1214 836 llam
1237 777 1263 836 si

182 879 340 941 supremus
354 861 403 922 ille
419 860 481 922 dies
497 879 557 922 non
575 860 813 934 exstinctionem,
829 861 880 922 sed
890 861 1152 922 commutationem
1166 861 1263 922 adfert

182 947 255 1020 loci,
280 945 351 1025 quid
367 944 548 1025 optabilius?
564 946 610 1007 sin
626 954 724 1007 autem
741 945 860 1026 perimit
875 963 910 1006 ae
924 945 1002 1007 delet
1024 945 1163 1020 omnino,
1189 945 1262 1026 quid

183 1031 290 1092 mebus
311 1050 401 1111 quam
424 1031 455 1091 in
479 1031 582 1094 mediis
604 1031 679 1093 vitae
694 1031 847 1093 laboribus
863 1030 1085 1093 obdormiscere
1100 1040 1130 1092 et
1145 1031 1186 1092 ita
1209 1050 1260 1092 eo·

184 1118 334 1178 niventem
356 1135 462 1178 somno
486 1116 638 1197 consopiri
665 1114 872 1198 sempiterno‘l
901 1115 987 1188 Quod
1010 1117 1124 1191 sitiat,
1153 1116 1262 1178 melior
1288 1131 1324 1179 10

182 1201 263 1264 Enni
279 1221 368 1281 quam
384 1200 504 1263 Solonis
520 1204 625 1265 oratio.
655 1202 711 1263 Hie
726 1202 806 1264 enim
822 1210 940 1263 noster:

337 1286 428 1349 Nemo
443 1307 489 1349 me
503 1288 632 1350 lacrimis
647 1289 767 1364 decoret,
783 1288 890 1367 inquit,
905 1305 955 1349 nee
969 1286 1077 1365 funera
1092 1287 1163 1366 fleta

387 1371 492 1434 Fuerit!

182 1458 220 1518 At
235 1477 306 1519 vero
322 1457 371 1519 ille
386 1457 522 1537 sapiens:

336 1542 419 1604 Mors
432 1561 496 1604 meo
510 1561 547 1604 oe
560 1552 656 1605 eareat
670 1541 815 1618 tummim
831 1542 997 1624 linquamus
1011 1545 1113 1604 omitto
1289 1556 1321 1604 15

357 1627 529 1699 Maerorem,
545 1637 577 1690 ot
591 1628 727 1690 eelebrent
737 1629 846 1708 funera
860 1647 925 1690 eom
938 1631 1055 1708 qemr'to.

131 1722 174 1773 118
268 1714 329 1776 Nos
350 1731 437 1789 vero,
464 1715 489 1776 si
519 1715 590 1794 quid
618 1715 675 1776 tale
698 1715 852 1789 acciderit,
881 1721 914 1773 ut
935 1732 952 1774 a
974 1713 1030 1774 deo
1053 1711 1264 1775 denuntiatum

183 1798 318 1860 videatur
339 1807 373 1860 ut
395 1818 534 1862 exeamus
556 1819 572 1861 o
594 1801 669 1874 vita,
691 1800 759 1862 laeti
782 1809 812 1860 et
832 1807 953 1880 agentes
975 1797 1083 1878 gratias
1104 1816 1264 1878 pareamus

184 1884 337 1964 emittique
354 1902 410 1947 nos
432 1904 449 1947 e
472 1887 604 1948 custodia
620 1896 649 1947 et
663 1885 753 1947 levari
767 1885 872 1947 vinclis
889 1882 1083 1958 arbitremur,
1106 1891 1140 1945 ut
1161 1893 1213 1945 aut
1227 1884 1261 1945 in

182 1979 334 2031 aeternam
349 1979 379 2031 et
394 1971 482 2050 plane
498 1980 628 2033 nostram
644 1972 764 2033 domum
780 1971 976 2050 remigremus
991 1977 1042 2030 aut
1064 1968 1147 2030 omni
1169 1988 1261 2030 sensu
1286 1983 1320 2033 20
1386 1971 1389 1978 ’

182 2054 376 2134 molestiaque
392 2073 562 2131 careamus3
585 2057 630 2118 sin
647 2064 746 2118 autem
762 2055 835 2116 nibil
851 2055 1092 2128 denuntiabitur,
1108 2073 1143 2114 eo
1160 2063 1263 2115 tamen

183 2139 275 2200 simus
290 2141 399 2215 animo,
415 2148 449 2201 ut
464 2140 638 2203 horribilem
652 2140 736 2202 illum
751 2141 828 2202 diem
841 2140 913 2216 aliis,
930 2139 1017 2202 nobis
1028 2141 1157 2202 faustum
1172 2149 1262 2219 pute-

218 2291 242 2340 1.
251 2291 323 2354 onaret
335 2288 399 2340 wirtl
412 2289 547 2354 allgemein
560 2291 695 2358 gepriesen
748 2292 789 2356 20,
802 2291 835 2342 ta
853 2289 911 2342 (lem
930 2289 1100 2342 Solonisoben
1118 2294 1263 2356 entgeqen-

183 2356 266 2422 (nicht
282 2359 392 2422 omont),
410 2358 456 2409 aul
472 2359 519 2411 das
531 2359 610 2411 letate
623 2358 695 2424 Subj.
747 2357 860 2424 gestellt.
872 2387 908 2396 -
919 2358 1008 2410 (lieero
1019 2358 1127 2424 vergilst
1144 2358 1200 2409 bier
1217 2357 1263 2410 bei

183 2423 308 2490 benogeo,
326 2426 376 2477 wie
394 2424 432 2477 lll.
451 2429 476 2494 3,
494 2431 523 2481 5:
541 2429 638 2482 nabat.
746 2427 844 2478 seinem
858 2426 925 2478 bobe
943 2425 989 2479 des
1001 2427 1098 2478 Ennius
1112 2426 1147 2476 im
1160 2425 1263 2492 Gegen·

218 2493 242 2544 2.
260 2495 299 2544 a'ta
316 2498 382 2545 eunt
396 2496 484 2560 multi,
502 2511 523 2547 s.
542 2511 563 2548 a.
576 2494 604 2550 ll.
614 2499 639 2561 b,
649 2497 695 2549 13:
747 2499 802 2546 salz
814 2510 847 2546 nu
859 2493 950 2558 Solon,
967 2495 1024 2547 dats
1035 2509 1095 2545 man
1107 2494 1178 2546 niobt
1190 2493 1262 2546 blois

182 2562 223 2611 tto
241 2565 289 2626 eet,
306 2561 358 2614 and
376 2562 428 2630 vgl.
446 2563 484 2616 lll
496 2565 536 2629 11,
546 2565 592 2617 27:
611 2580 696 2630 mque
747 2577 788 2614 nm
802 2561 848 2614 (las
860 2561 994 2615 Sebieltsal
1012 2563 1056 2615 der
1068 2562 1262 2614 Verstorbenen

183 2645 214 2680 eo
233 2658 265 2666 —
281 2635 398 2696 poterat.
748 2630 837 2697 weint‚
855 2630 967 2683 aondern
983 2632 1048 2683 auch
1067 2646 1111 2683 nm
1128 2629 1177 2681 den
1196 2628 1263 2682 Ver·

218 2700 242 2752 3.
259 2703 358 2750 mortes
378 2728 411 2738 -
434 2715 495 2751 oum
511 2699 613 2764 gloria,
631 2714 653 2752 s.
671 2702 695 2764 8,
746 2698 811 2762 lust,
837 2697 886 2751 den
914 2714 974 2751 man
1000 2699 1080 2751 (lorch
1106 2698 1178 2750 ibren
1202 2697 1261 2750 'l'otl

185 2767 228 2818 16:
247 2773 446 2836 postmortem
464 2771 506 2833 tt,
517 2771 566 2822 109
584 2785 616 2821 nn
634 2785 696 2820 oum
746 2767 854 2820 erleidet
876 2767 1002 2830 (wesbalb
1020 2782 1048 2819 er
1064 2769 1099 2819 im
1117 2766 1171 2820 Get.
1189 2765 1224 2820 M.
1241 2767 1262 2822 l.

183 2832 298 2895 fortuna
316 2835 394 2890 bella.
745 2835 764 2887 1.
788 2851 820 2887 an
843 2835 937 2888 Solone
956 2835 1052 2888 Versen
1075 2849 1140 2901 gana
1165 2834 1263 2902 riobtig

218 2905 242 2955 b.
251 2905 299 2966 tta,
317 2902 366 2956 (1.1.
378 2919 479 2970 magna
500 2920 560 2956 oum
572 2904 695 2972 eloquere·
746 2903 894 2970 hinnulbgt:
927 2903 1003 2969 Vota,
1030 2904 1124 2965 arado,
1149 2919 1178 2954 se
1205 2919 1263 2954 am
1376 2969 1379 2976 Ι

185 2971 232 3032 tto,
250 2970 303 3034 vgl.
316 2976 393 3023 unten
407 2975 446 3024 ito
459 2978 622 3024 contuentem
643 2973 696 3026 und
746 2988 840 3024 earum
857 2975 934 3038 auis).

185 3038 226 3100 13,
239 3039 284 3090 ³0:
303 3038 369 3090 baee
385 3042 433 3091 tta.
781 3043 821 3093 15.
829 3039 901 3091 Mora
912 3044 960 3091 eet.
968 3038 1079 3091 Stabiae
1090 3039 1262 3104 (sermlbllz

217 3108 452 3169 superioreetoeo
471 3123 522 3159 von
531 3107 576 3160 der
584 3107 697 3161 Redner-
782 3103 863 3174 Μηδέ
887 3127 938 3174 μοι
960 3103 1110 3159 dxloooros
1135 3106 1265 3159 θάνατος

183 3171 278 3226 bbhne.
931 3172 1021 3242 μόλοι,
1039 3171 1106 3226 ἀλλὰ
1124 3171 1228 3244 φίλοισι

218 3243 242 3294 9.
262 3243 425 3292 coniventem
446 3241 501 3295 bier
521 3256 587 3308 ganz
599 3243 696 3310 eigent-
781 3239 965 3310 Kalletooqu
985 3243 1087 3296 θανών
1109 3240 1192 3313 ἄλγεα
1214 3247 1264 3295 καὶ

182 3306 249 3362 lieb:
268 3308 310 3361 die
327 3309 417 3376 Augen
436 3310 583 3364 soblielsen.
1083 3314 1226 3432 στοναέάσ.

220 3381 260 3431 11.
295 3379 340 3429 bie
363 3405 398 3416 -
419 3378 465 3429 illo
495 3379 597 3431 werden
625 3379 697 3432 nieht
748 3379 851 3431 Ebenso
867 3379 909 3432 bei
928 3378 1049 3432 Plutareb
1068 3395 1151 3446 eomp.
1184 3379 1219 3432 ol.
1239 3395 1263 3432 e.

184 3445 268 3498 seiten
286 3461 316 3500 so
329 3447 380 3498 wie
398 3445 454 3499 bier
472 3446 621 3512 gebraucht,
639 3446 697 3500 dats
748 3446 821 3514 Popl.
841 3463 864 3502 e.
880 3451 909 3512 1,
927 3447 1012 3499 ausser
1030 3447 1087 3500 dats
1105 3448 1162 3500 elort
1180 3450 1263 3514 ποιή-

184 3513 297 3567 nt'nnlicb
314 3516 358 3566 bie
376 3513 422 3567 das
440 3515 621 3580 grammatiseb
634 3515 696 3567 Ent-
747 3534 825 3583 σαιμι
842 3520 906 3568 statt
922 3511 1095 3581 salletnoqu
1112 3516 1190 3569 steht.

184 3581 304 3647 scrutere,
313 3583 375 3635 aber
387 3582 604 3649 derl’orslellnog
617 3584 696 3636 nibet
783 3585 822 3638 le.
834 3585 977 3636 celebrante
996 3584 1051 3637 sicb
1066 3584 1195 3637 rabbeieb
1214 3583 1262 3636 be·

183 3649 311 3716 Liegende
334 3651 492 3704 bezeichnet
528 3650 587 3717 Vgl.
605 3650 634 3705 ll.
653 3653 696 3716 21,
746 3652 853 3719 teiligen
871 3667 902 3704 nn
921 3681 964 3706 -.

183 3720 229 3772 49:
248 3719 322 3786 apud
337 3720 423 3774 illum.
782 3725 823 3774 l'l.
841 3720 1039 3787 denuntiatum,
1065 3718 1119 3786 vgl.
1138 3721 1180 3785 31),
1194 3718 1263 3774 1411.

220 3788 259 3840 11.
270 3785 353 3839 Nemo
364 3795 414 3842 eet.
440 3787 606 3854 vgl.15,34.
631 3787 694 3839 llas·
780 3791 823 3843 22.
845 3785 1181 3849 terribilem-faustum.
1199 3786 1263 3840 blan

184 3854 256 3906 solbe
272 3854 406 3909 Distiebon
424 3855 489 3908 wird
506 3856 572 3909 anob
590 3857 644 3910 Cat.
661 3855 694 3909 M.
746 3856 854 3910 beaebte
876 3857 924 3910 (len
948 3856 1061 3909 sobonen
1079 3855 1215 3908 Gbiasmns
1234 3857 1263 3908 in
