2790 4476
470 227 565 280 uene
581 229 610 284 u.
629 233 654 296 e,
673 233 714 285 12.
734 234 757 284 a.
777 232 818 285 na.
1120 231 1180 288 115

98 400 224 462 barbare
241 400 385 480 loquatur
399 411 450 462 aut
463 402 488 464 si
503 400 630 464 absurde
646 412 734 465 canat
749 403 784 479 is,
805 403 900 483 quise
915 402 1017 464 haberi
1032 402 1101 464 velit
1116 422 1182 466 mu·

98 487 204 559 sicum,
224 487 284 547 hoc
299 487 419 566 turpior
439 488 485 562 sit,
508 488 587 566 quod
604 488 635 550 in
658 507 693 549 eo
710 488 774 569 ipsc
791 497 903 569 peccet,
926 489 1010 551 cuius
1025 489 1183 568 profitetur

98 572 265 646 scientiam,
289 572 332 633 sio
347 572 543 652 philosophus
565 573 596 634 in
612 573 688 635 vitae
709 574 823 635 ratione
845 592 974 654 peccans
994 575 1051 635 hoc
1066 575 1183 654 turpior

97 667 154 733 ost,
177 657 261 737 quod
282 657 313 717 in
337 657 445 733 officio,
468 658 553 720 cuius
574 659 715 738 magister
730 678 794 722 esso
809 659 877 735 volt,
900 659 1010 722 labitur
1028 668 1182 739 artemque

59 755 75 802 5
96 743 174 804 vitae
189 743 347 823 professus
362 742 509 822 delinquit
524 742 554 804 in
570 744 638 806 rita.

186 828 220 890 A.
234 829 344 889 Nonne
355 828 519 891 verendum
535 836 580 890 est
594 828 694 908 igitur,
710 827 735 890 si
747 836 793 890 est
806 829 855 902 ita,
871 837 905 890 ut
922 829 1003 903 dicis,
1021 849 1058 891 ne
1084 829 1181 910 philo·
1200 839 1218 894 5

97 913 237 994 sophiam
260 913 332 974 falsa
353 913 447 992 gloria
463 911 614 976 exornes?
643 913 730 986 Quod
751 921 797 975 est
810 915 890 976 enim
912 915 1006 977 maius
1022 933 1182 995 argumen-

98 1007 163 1060 tum
187 998 264 1060 nihil
284 1017 348 1059 eam
371 999 522 1081 prodesse,
545 1017 635 1078 quam
657 999 800 1078 quosdam
822 1001 971 1079 perlectos
990 1001 1183 1080 philosophos

99 1085 234 1164 turpiter
246 1081 366 1145 vivere?
382 1084 423 1144 Μ.
436 1084 555 1146 Nullum
568 1102 638 1147 vero
650 1084 680 1145 id
691 1084 810 1164 quidem
822 1094 1030 1164 argumentum
1043 1094 1095 1148 est.
1111 1085 1185 1148 Nam
1207 1100 1234 1150 13

49 1179 77 1228 10
98 1170 201 1250 utagri
210 1189 274 1231 non
284 1169 612 1250 omnesirugiferisunt‚
619 1169 669 1250 qui
675 1170 825 1244 coluntur,
837 1170 1003 1250 falsumque
1015 1170 1086 1232 illud
1096 1171 1182 1232 Acci:

260 1253 373 1317 Probae
388 1257 443 1317 etsi
455 1259 488 1316 in
502 1265 620 1335 repetem
635 1257 704 1317 adet
720 1255 889 1316 deteriorem
905 1255 990 1317 datae

258 1338 378 1420 Frope's,
393 1351 490 1403 tomen
504 1343 582 1422 ipsae
597 1343 699 1420 sudpte
713 1349 822 1403 nature
837 1341 953 1415 enitent,

100 1424 144 1485 sic
158 1425 254 1486 animi
274 1445 336 1487 non
354 1445 458 1488 omncs
473 1427 544 1488 culti
567 1427 696 1488 fructum
713 1426 824 1486 ferunt.
855 1426 961 1505 Atque,
985 1433 1017 1486 ut
1031 1425 1062 1486 in
1079 1425 1184 1486 eodem

100 1509 190 1570 simili
205 1528 328 1585 verser,
357 1520 392 1572 ut
413 1529 485 1590 ager
507 1511 640 1592 quamvis
663 1510 766 1572 fertilis
788 1511 853 1572 sine
876 1511 992 1572 cultura
1013 1511 1184 1572 fructuosus

51 1603 78 1651 15
101 1613 168 1656 esse
191 1613 256 1656 non
276 1603 384 1677 potest,
407 1596 533 1659 sicsine
554 1595 839 1671 doctrinaanimus;
863 1597 902 1657 ita
924 1604 969 1658 est
987 1605 1114 1675 utraque
1136 1613 1184 1657 res

99 1680 165 1741 sine
187 1680 281 1742 altera
296 1680 412 1742 debilis.
444 1681 565 1744 Cultura
587 1690 685 1744 autem
709 1681 799 1742 animi
822 1681 1009 1761 philosophia
1028 1692 1088 1757 est;
1112 1681 1184 1742 haec

100 1765 234 1827 extrahit
253 1765 322 1826 vitia
343 1766 483 1829 radicitus
498 1776 529 1829 et
542 1775 700 1848 praeparat
713 1766 828 1828 animos
850 1765 885 1827 ad
900 1775 981 1827 satus
996 1766 1186 1846 accipiendos

100 1868 198 1929 eaque
220 1852 343 1913 mandat
365 1851 400 1913 iis
423 1860 465 1928 et,
488 1860 522 1913 ut
544 1855 584 1913 ita
603 1853 711 1928 (licam,
741 1851 828 1924 serit,
850 1869 926 1930 quae
950 1851 1048 1912 adulta
1069 1852 1184 1912 fructus

101 2001 252 2068 ausgeben,
275 2017 305 2054 so
325 2002 403 2054 hciist
421 2017 449 2054 es
467 2003 494 2053 in
512 2001 556 2055 der
574 2000 622 2054 lle-
674 2002 790 2067 dagegen
810 2002 860 2053 den
878 2001 980 2054 Nomio.
1004 1999 1061 2067 Vgl.
1080 2000 1144 2052 auch
1162 2017 1185 2052 z.

100 2070 153 2135 gel,
173 2071 226 2121 wie
238 2069 302 2134 hier,
319 2087 347 2121 se
362 2071 489 2136 profiteri
505 2071 622 2136 aliquem
673 2070 691 2121 l.
710 2072 751 2134 22,
768 2073 815 2123 52:
834 2086 886 2136 quo
903 2074 1000 2121 monet.
1014 2097 1046 2107 —
1064 2068 1114 2120 ller
1132 2069 1186 2121 hier

99 2137 171 2189 ohne
199 2155 268 2199 σιω
292 2137 391 2201 jedoch
415 2138 466 2204 rgl.
490 2137 557 2204 19,
577 2142 621 2201 1·1;
673 2152 756 2204 gegen
775 2137 824 2190 deu
836 2137 938 2190 Nutzen
956 2138 1001 2190 der
1018 2136 1185 2203 Philosophie

99 2221 127 2272 p.
144 2204 212 2258 Mur.
234 2209 279 2270 13,
298 2209 344 2260 28ι
369 2207 460 2258 meno
481 2223 523 2258 me
540 2210 622 2260 iuris—
674 2207 808 2326 pemachte
820 2207 946 2259 Einwand
960 2205 1048 2258 vaurde
1066 2221 1117 2258 von
1135 2204 1186 2259 den

101 2275 255 2326 consultum
280 2290 336 2325 esee
360 2275 514 2342 profitebor.
555 2275 622 2328 llan-
696 2278 783 2327 omem
803 2275 870 2328 diter
887 2275 1009 2328 erhobcn.

100 2341 194 2393 selben
205 2341 270 2394 Sinn
283 2342 328 2394 hat
340 2342 385 2394 der
395 2342 486 2396 Ausdr.
496 2343 624 2410 profitere·
708 2346 733 2397 9.
751 2359 824 2408 voro,
841 2359 862 2396 s.
881 2359 903 2398 e.
922 2347 963 2409 11,
981 2345 1023 2397 26.

100 2415 190 2461 artem
209 2411 341 2476 aliquam.
709 2415 750 2464 10.
762 2412 833 2463 illud
859 2413 934 2464 Aeci.
974 2411 1028 2463 hus
1058 2410 1183 2462 welchem

137 2481 160 2533 1.
181 2480 313 2543 uocatur
326 2484 467 2545 -peccet,
488 2479 531 2532 die
553 2479 621 2532 lion·
673 2478 779 2543 Sthche,
796 2481 832 2530 ist
848 2479 1006 2531 unbekannt.

97 2545 226 2611 jnnlrtive
238 2547 290 2599 vie
302 2549 344 2611 21,
355 2549 398 2611 61,
415 2548 475 2599 weil
494 2548 520 2599 in
538 2548 621 2600 einen]
709 2550 749 2601 11.
763 2550 792 2597 in
809 2552 923 2612 segetem
942 2539 1110 2610 ‘Saatteld',
1134 2547 1185 2598 wie

102 2613 264 2681 Selegeidge
281 2615 398 2678 siebodi,
416 2614 496 2668 durch
509 2616 622 2669 welches
672 2614 726 2665 Get.
740 2613 774 2666 hl.
793 2617 887 2678 15,54;
905 2615 1039 2680 segetibus
1057 2620 1083 2665 et
1096 2617 1186 2681 pratis

102 2683 146 2734 ein
171 2696 221 2734 nur
247 2683 454 2749 beispielsweise
482 2698 621 2749 angenoun·
672 2686 698 2732 at
715 2684 800 2732 vineis
818 2687 845 2731 et
861 2684 986 2734 arbustis.

102 2765 194 2802 menet
207 2749 262 2802 Fall
274 2751 436 2818 (coemptum
446 2751 550 2816 fictum)
563 2767 621 2804 aus·
708 2751 748 2802 12.
764 2753 868 2815 mepte,
885 2748 1037 2814 zweisilbig.

103 2817 235 2885 gedrr'rclrt
265 2819 339 2872 vird.
389 2819 472 2871 Daher
501 2823 622 2870 eruertet
709 2815 1000 2881 14.sem2·1i‚Gteichnis‚
1012 2817 1062 2867 wie
1075 2814 1107 2866 de
1119 2822 1184 2867 orat.

102 2901 164 2939 man
188 2886 255 2939 auch
279 2888 446 2953 profiteatur
466 2891 497 2938 st.
512 2885 623 2953 profite-
672 2884 701 2938 ll.
710 2886 823 2948 18,316;
841 2885 913 2935 unde
930 2886 980 2936 hoo
996 2885 1084 2935 &mile
1095 2884 1185 2934 ducat.

104 2961 161 3018 tor,
185 2955 248 3006 aber
271 2955 357 3007 dieser
373 2954 532 3007 Relativsatz
551 2955 622 3007 dicut
674 2952 731 3019 Vgl.
744 2952 812 3004 oben
823 2955 847 3016 2,
858 2956 885 3005 5:
904 2955 936 3004 ab
949 2953 1046 3004 humili
1064 2953 1101 3003 od
1116 2967 1186 3002 mm-

104 3041 153 3076 nur
171 3038 218 3076 eur
235 3023 441 3089 Umsehreibnng
460 3023 531 3075 eines
549 3022 622 3090 Begr.
672 3036 757 3080 mum3
777 3019 808 3073 V.
822 3024 863 3085 15,
875 3025 922 3074 45:
941 3024 1054 3076 beatem.

104 3095 170 3157 (aa),
194 3092 246 3144 wie
268 3091 286 3144 l.
306 3095 352 3158 25,
370 3094 416 3145 61:
444 3107 512 3156 quoe
533 3094 623 3142 mema'-
707 3087 1011 3150 sertilis—srectaom
1029 3088 1186 3156 ertrngfdhig

103 3165 203 3212 nimus.
674 3187 706 3195 —
726 3157 889 3224 ertragreich.

138 3227 256 3280 absurda
273 3227 329 3281 hier
345 3227 373 3279 in
384 3227 469 3280 seiner
482 3232 621 3296 ursprhng·
709 3228 747 3278 15.
763 3228 804 3276 ita
820 3233 860 3278 eet
876 3231 939 3292 cet,
957 3227 998 3279 ein
1016 3226 1185 3294 Epiphoram,

104 3297 191 3350 lichen
220 3294 374 3362 Bedcutung
391 3288 622 3361 ‘enharmonisch',
672 3292 697 3344 d.
707 3295 732 3346 h.
745 3293 802 3346 eine
815 3294 989 3361 nachtriglich
1001 3293 1186 3360 hineugeh'rgte

105 3366 156 3416 wie
180 3363 212 3416 de
231 3368 296 3416 orat.
314 3362 353 3416 ΠΙ.
374 3365 413 3428 11,
436 3367 481 3418 41:
504 3381 559 3416 voce
577 3367 621 3415 ab·
673 3360 851 3429 Prieisierung
872 3363 943 3416 eines
965 3363 1187 3415 hervorzuhehen·

104 3450 172 3485 eona
191 3437 219 3482 et
235 3432 362 3484 absurde.
673 3429 723 3482 den
742 3429 903 3495 Gedanlrens,
929 3431 1027 3486 welche
1045 3429 1124 3481 durch
1143 3427 1185 3478 die

139 3505 165 3554 3.
191 3503 222 3552 in
249 3503 322 3551 vitae
347 3503 467 3566 ratione,
488 3499 514 3552 in
537 3500 622 3552 seiner
672 3496 875 3564 Demonstrr'to,
892 3515 1027 3566 mqueeo,
1046 3503 1108 3559 tam,
1127 3501 1185 3546 tore-

105 3568 330 3635 Lebensidhrung.
675 3571 732 3618 trem
748 3582 773 3618 u.
793 3571 893 3630 tantus,
912 3568 983 3619 nicht
1001 3565 1062 3616 aber
1079 3565 1120 3616 bei
1134 3564 1184 3615 (lic.

141 3640 165 3690 5.
178 3640 209 3688 in
230 3639 288 3687 reita
310 3651 352 3686 am
361 3634 464 3687 Schlnls
477 3635 522 3687 des
533 3634 623 3687 Satzes
676 3633 755 3686 durch
773 3635 840 3686 odae
861 3635 923 3687 oder
943 3633 1110 3700 usqueadeo
1132 3633 1185 3684 ein·

107 3706 155 3758 mit
173 3703 341 3757 Nnehdruclr:
361 3704 453 3769 genade
471 3704 497 3755 in
516 3703 562 3756 der
578 3703 624 3755 Le·
676 3702 782 3767 geleitet
804 3703 881 3764 wird;
908 3702 1029 3754 letzteres
1052 3701 1121 3753 steht
1144 3699 1185 3752 IV.

110 3774 265 3826 bensweise.
676 3772 718 3835 21,
731 3773 763 3822 48
783 3786 831 3822 nur
847 3772 874 3822 in
893 3772 963 3823 einer
980 3768 1060 3821 Stelle
1079 3769 1124 3820 des
1136 3767 1183 3819 Lu-

143 3845 167 3896 8.
191 3840 264 3895 nihil
290 3855 348 3890 eom
377 3840 503 3905 prodesse
524 3839 626 3891 vertritt
677 3838 761 3903 cilius,
779 3838 831 3889 und
843 3839 909 3889 odeo
922 3855 969 3890 nur
981 3838 1013 3890 de
1025 3837 1068 3890 off.
1081 3836 1185 3904 1.11,3r

109 3910 158 3962 den
177 3907 325 3973 uen.·ohj.‚
352 3907 525 3973 quosdam—
537 3909 626 3959 uivere
676 3906 703 3957 in
721 3906 803 3958 einenr
821 3906 950 3958 unechtcn
968 3905 1069 3958 Zosatz.

948 3993 984 4046 8*
