<?xml version="1.0" encoding="UTF-8"?>
<!DOCTYPE html PUBLIC "-//W3C//DTD XHTML 1.0 Transitional//EN"
    "http://www.w3.org/TR/xhtml1/DTD/xhtml1-transitional.dtd">
<html xmlns="http://www.w3.org/1999/xhtml" xml:lang="en" lang="en">
 <head>
  <title>
</title>
<meta http-equiv="Content-Type" content="text/html;charset=utf-8" />
  <meta name='ocr-system' content='tesseract 3.04.00' />
  <meta name='ocr-capabilities' content='ocr_page ocr_carea ocr_par ocr_line ocrx_word'/>
</head>
<body>
  <div class='ocr_page' id='page_1' title='image "./mtulliiciceroni00tiscgoog_0208.png"; bbox 0 0 2804 4474; ppageno 0'>
   <div class='ocr_carea' id='block_1_1' title="bbox 193 240 898 306">
    <p class='ocr_par' dir='ltr' id='par_1_1' title="bbox 193 240 898 306">
     <span class='ocr_line' id='line_1_1' title="bbox 193 240 898 306; baseline -0.006 -9"><span class='ocrx_word' id='word_1_1' title='bbox 193 241 235 297; x_wconf 85' lang='grc'><strong>44</strong></span> <span class='ocrx_word' id='word_1_2' title='bbox 567 240 662 292; x_wconf 82' lang='lat' dir='ltr'>LIBER</span> <span class='ocrx_word' id='word_1_3' title='bbox 678 241 718 293; x_wconf 90' lang='grc'>111.</span> <span class='ocrx_word' id='word_1_4' title='bbox 737 243 778 306; x_wconf 85' lang='grc'><strong>28,</strong></span> <span class='ocrx_word' id='word_1_5' title='bbox 787 244 898 296; x_wconf 76' lang='grc'>68-10.</span> 
     </span>
    </p>
   </div>
   <div class='ocr_carea' id='block_1_2' title="bbox 85 413 1401 2194">
    <p class='ocr_par' dir='ltr' id='par_1_2' title="bbox 193 413 1294 494">
     <span class='ocr_line' id='line_1_2' title="bbox 193 413 1294 494; baseline -0.003 -19"><span class='ocrx_word' id='word_1_6' title='bbox 193 413 325 494; x_wconf 79' lang='lat' dir='ltr'>intellegi</span> <span class='ocrx_word' id='word_1_7' title='bbox 342 431 463 473; x_wconf 89' lang='lat' dir='ltr'><strong>necesse</strong></span> <span class='ocrx_word' id='word_1_8' title='bbox 486 425 606 474; x_wconf 88' lang='lat' dir='ltr'><strong>estnon</strong></span> <span class='ocrx_word' id='word_1_9' title='bbox 628 433 690 474; x_wconf 91' lang='lat' dir='ltr'><strong>rem</strong></span> <span class='ocrx_word' id='word_1_10' title='bbox 706 414 799 492; x_wconf 82' lang='lat' dir='ltr'>ipsam</span> <span class='ocrx_word' id='word_1_11' title='bbox 823 431 940 474; x_wconf 85' lang='lat' dir='ltr'><strong>cansam</strong></span> <span class='ocrx_word' id='word_1_12' title='bbox 964 424 1053 492; x_wconf 69' lang='lat' dir='ltr'><strong>atque</strong></span> <span class='ocrx_word' id='word_1_13' title='bbox 1074 416 1191 474; x_wconf 88' lang='lat' dir='ltr'><strong>l&#39;ontem</strong></span> <span class='ocrx_word' id='word_1_14' title='bbox 1213 430 1294 473; x_wconf 89' lang='lat' dir='ltr'><strong>esse</strong></span> 
     </span>
    </p>

    <p class='ocr_par' dir='ltr' id='par_1_3' title="bbox 85 498 1336 1003">
     <span class='ocr_line' id='line_1_3' title="bbox 85 498 1294 577; baseline -0.004 -15"><span class='ocrx_word' id='word_1_15' title='bbox 85 517 111 572; x_wconf 64' lang='lat' dir='ltr'>x</span> <span class='ocrx_word' id='word_1_16' title='bbox 138 511 168 562; x_wconf 81' lang='lat'><strong>68</strong></span> <span class='ocrx_word' id='word_1_17' title='bbox 192 499 344 560; x_wconf 88' lang='lat' dir='ltr'><strong>maeroris.</strong></span> <span class='ocrx_word' id='word_1_18' title='bbox 374 498 547 577; x_wconf 87' lang='lat' dir='ltr'><strong>Philosophi</strong></span> <span class='ocrx_word' id='word_1_19' title='bbox 566 500 675 559; x_wconf 91' lang='lat' dir='ltr'><strong>summi</strong></span> <span class='ocrx_word' id='word_1_20' title='bbox 696 498 866 575; x_wconf 86' lang='lat' dir='ltr'>nequedum</span> <span class='ocrx_word' id='word_1_21' title='bbox 888 507 987 558; x_wconf 88' lang='lat' dir='ltr'><strong>tamen</strong></span> <span class='ocrx_word' id='word_1_22' title='bbox 1008 499 1186 577; x_wconf 82' lang='lat' dir='ltr'><strong>sapientiam</strong></span> <span class='ocrx_word' id='word_1_23' title='bbox 1203 517 1294 558; x_wconf 91' lang='lat' dir='ltr'><strong>con-</strong></span> 
     </span>
     <span class='ocr_line' id='line_1_4' title="bbox 192 582 1292 662; baseline -0.003 -17"><span class='ocrx_word' id='word_1_24' title='bbox 192 584 285 645; x_wconf 80' lang='lat' dir='ltr'><strong>secuti</strong></span> <span class='ocrx_word' id='word_1_25' title='bbox 308 602 411 644; x_wconf 92' lang='lat' dir='ltr'><strong>nonne</strong></span> <span class='ocrx_word' id='word_1_26' title='bbox 432 583 611 662; x_wconf 85' lang='lat' dir='ltr'><strong>intellegunt</strong></span> <span class='ocrx_word' id='word_1_27' title='bbox 631 585 662 644; x_wconf 92' lang='lat' dir='ltr'><strong>in</strong></span> <span class='ocrx_word' id='word_1_28' title='bbox 685 601 800 643; x_wconf 87' lang='lat' dir='ltr'><strong>summo</strong></span> <span class='ocrx_word' id='word_1_29' title='bbox 824 603 855 644; x_wconf 92' lang='lat' dir='ltr'><strong>se</strong></span> <span class='ocrx_word' id='word_1_30' title='bbox 877 584 954 644; x_wconf 92' lang='lat' dir='ltr'><strong>malo</strong></span> <span class='ocrx_word' id='word_1_31' title='bbox 977 582 1064 644; x_wconf 86' lang='lat' dir='ltr'><strong>esse‘l</strong></span> <span class='ocrx_word' id='word_1_32' title='bbox 1094 585 1172 644; x_wconf 86' lang='lat' dir='ltr'><strong>Sunt</strong></span> <span class='ocrx_word' id='word_1_33' title='bbox 1195 583 1292 644; x_wconf 91' lang='lat' dir='ltr'><strong>enim</strong></span> 
     </span>
     <span class='ocr_line' id='line_1_5' title="bbox 190 668 1291 748; baseline -0.002 -18"><span class='ocrx_word' id='word_1_34' title='bbox 190 669 382 748; x_wconf 82' lang='lat' dir='ltr'><strong>insipientes,</strong></span> <span class='ocrx_word' id='word_1_35' title='bbox 407 687 504 746; x_wconf 90' lang='lat' dir='ltr'><strong>neque</strong></span> <span class='ocrx_word' id='word_1_36' title='bbox 527 669 697 748; x_wconf 80' lang='lat' dir='ltr'><strong>insipientia</strong></span> <span class='ocrx_word' id='word_1_37' title='bbox 719 669 813 728; x_wconf 92' lang='lat' dir='ltr'><strong>ullum</strong></span> <span class='ocrx_word' id='word_1_38' title='bbox 835 668 930 729; x_wconf 87' lang='lat' dir='ltr'><strong>maius</strong></span> <span class='ocrx_word' id='word_1_39' title='bbox 954 669 1063 730; x_wconf 89' lang='lat' dir='ltr'><strong>malum</strong></span> <span class='ocrx_word' id='word_1_40' title='bbox 1085 679 1145 744; x_wconf 90' lang='lat' dir='ltr'><strong>est;</strong></span> <span class='ocrx_word' id='word_1_41' title='bbox 1176 687 1291 746; x_wconf 90' lang='lat' dir='ltr'><strong>neque</strong></span> 
     </span>
     <span class='ocr_line' id='line_1_6' title="bbox 190 752 1336 832; baseline 0 -17"><span class='ocrx_word' id='word_1_42' title='bbox 190 768 291 815; x_wconf 87' lang='lat' dir='ltr'><strong>tamen</strong></span> <span class='ocrx_word' id='word_1_43' title='bbox 307 756 421 831; x_wconf 85' lang='lat' dir='ltr'><strong>lugent.</strong></span> <span class='ocrx_word' id='word_1_44' title='bbox 453 752 606 824; x_wconf 78' lang='lat' dir='ltr'><strong>nutrirat</strong></span> <span class='ocrx_word' id='word_1_45' title='bbox 622 753 697 824; x_wconf 82' lang='lat' dir='ltr'><strong>Quia</strong></span> <span class='ocrx_word' id='word_1_46' title='bbox 713 753 782 813; x_wconf 94' lang='lat' dir='ltr'><strong>huic</strong></span> <span class='ocrx_word' id='word_1_47' title='bbox 796 754 900 831; x_wconf 83' lang='lat' dir='ltr'><strong>generi</strong></span> <span class='ocrx_word' id='word_1_48' title='bbox 915 753 1059 814; x_wconf 90' lang='lat' dir='ltr'><strong>malornm</strong></span> <span class='ocrx_word' id='word_1_49' title='bbox 1075 773 1136 815; x_wconf 92' lang='lat' dir='ltr'><strong>non</strong></span> <span class='ocrx_word' id='word_1_50' title='bbox 1150 753 1291 832; x_wconf 83' lang='lat' dir='ltr'><strong>adtingi·</strong></span> <span class='ocrx_word' id='word_1_51' title='bbox 1318 765 1336 815; x_wconf 79' lang='lat'>5</span> 
     </span>
     <span class='ocr_line' id='line_1_7' title="bbox 191 839 1289 919; baseline -0.002 -19"><span class='ocrx_word' id='word_1_52' title='bbox 191 852 240 900; x_wconf 90' lang='lat' dir='ltr'><strong>tur</strong></span> <span class='ocrx_word' id='word_1_53' title='bbox 253 839 301 900; x_wconf 86' lang='lat' dir='ltr'><strong>ille</strong></span> <span class='ocrx_word' id='word_1_54' title='bbox 318 839 436 919; x_wconf 80' lang='lat' dir='ltr'><strong>opinio,</strong></span> <span class='ocrx_word' id='word_1_55' title='bbox 458 851 574 900; x_wconf 91' lang='lat' dir='ltr'><strong>rectum</strong></span> <span class='ocrx_word' id='word_1_56' title='bbox 595 859 659 900; x_wconf 84' lang='lat' dir='ltr'><strong>esse</strong></span> <span class='ocrx_word' id='word_1_57' title='bbox 682 850 712 899; x_wconf 90' lang='lat' dir='ltr'><strong>et</strong></span> <span class='ocrx_word' id='word_1_58' title='bbox 726 856 855 917; x_wconf 92' lang='lat' dir='ltr'><strong>aequum</strong></span> <span class='ocrx_word' id='word_1_59' title='bbox 877 841 958 899; x_wconf 89' lang='lat' dir='ltr'><strong>etad</strong></span> <span class='ocrx_word' id='word_1_60' title='bbox 975 841 1106 900; x_wconf 81' lang='lat' dir='ltr'><strong>osticium</strong></span> <span class='ocrx_word' id='word_1_61' title='bbox 1122 839 1289 919; x_wconf 88' lang='lat' dir='ltr'><strong>pertinere</strong></span> 
     </span>
     <span class='ocr_line' id='line_1_8' title="bbox 192 924 1289 1003; baseline 0 -19"><span class='ocrx_word' id='word_1_62' title='bbox 192 944 280 1003; x_wconf 83' lang='lat' dir='ltr'><strong>aegre</strong></span> <span class='ocrx_word' id='word_1_63' title='bbox 295 926 390 998; x_wconf 90' lang='lat' dir='ltr'><strong>t&#39;erre,</strong></span> <span class='ocrx_word' id='word_1_64' title='bbox 414 925 493 1002; x_wconf 91' lang='lat' dir='ltr'><strong>quod</strong></span> <span class='ocrx_word' id='word_1_65' title='bbox 513 925 631 1003; x_wconf 87' lang='lat' dir='ltr'><strong>sepiens</strong></span> <span class='ocrx_word' id='word_1_66' title='bbox 654 924 786 995; x_wconf 87' lang='lat' dir='ltr'><strong>nensis,</strong></span> <span class='ocrx_word' id='word_1_67' title='bbox 810 925 889 1002; x_wconf 90' lang='lat' dir='ltr'><strong>quod</strong></span> <span class='ocrx_word' id='word_1_68' title='bbox 911 925 989 984; x_wconf 90' lang='lat' dir='ltr'><strong>idem</strong></span> <span class='ocrx_word' id='word_1_69' title='bbox 1005 924 1183 1002; x_wconf 86' lang='lat' dir='ltr'><strong>adtingimus</strong></span> <span class='ocrx_word' id='word_1_70' title='bbox 1206 924 1289 984; x_wconf 93' lang='lat' dir='ltr'><strong>huic</strong></span> 
     </span>
    </p>

    <p class='ocr_par' dir='ltr' id='par_1_4' title="bbox 141 1009 1401 2194">
     <span class='ocr_line' id='line_1_9' title="bbox 141 1009 1288 1088; baseline -0.004 -14"><span class='ocrx_word' id='word_1_71' title='bbox 141 1025 170 1074; x_wconf 79' lang='lat' dir='ltr'><strong>ott</strong></span> <span class='ocrx_word' id='word_1_72' title='bbox 193 1009 385 1088; x_wconf 83' lang='lat' dir='ltr'><strong>aegritudini,</strong></span> <span class='ocrx_word' id='word_1_73' title='bbox 401 1010 432 1070; x_wconf 94' lang='lat' dir='ltr'><strong>in</strong></span> <span class='ocrx_word' id='word_1_74' title='bbox 449 1027 506 1087; x_wconf 87' lang='lat' dir='ltr'><strong>qua</strong></span> <span class='ocrx_word' id='word_1_75' title='bbox 520 1009 619 1070; x_wconf 90' lang='lat' dir='ltr'><strong>luctus</strong></span> <span class='ocrx_word' id='word_1_76' title='bbox 633 1009 725 1082; x_wconf 84' lang='lat' dir='ltr'><strong>inest,</strong></span> <span class='ocrx_word' id='word_1_77' title='bbox 742 1027 818 1086; x_wconf 87' lang='lat' dir='ltr'><strong>quae</strong></span> <span class='ocrx_word' id='word_1_78' title='bbox 834 1009 967 1069; x_wconf 91' lang='lat' dir='ltr'><strong>omnium</strong></span> <span class='ocrx_word' id='word_1_79' title='bbox 981 1027 1116 1070; x_wconf 81' lang='lat' dir='ltr'><strong>maxuma</strong></span> <span class='ocrx_word' id='word_1_80' title='bbox 1132 1022 1186 1070; x_wconf 87' lang='lat' dir='ltr'><strong>est.</strong></span> <span class='ocrx_word' id='word_1_81' title='bbox 1217 1009 1288 1069; x_wconf 92' lang='lat' dir='ltr'><strong>lta·</strong></span> 
     </span>
     <span class='ocr_line' id='line_1_10' title="bbox 193 1093 1287 1174; baseline -0.002 -19"><span class='ocrx_word' id='word_1_82' title='bbox 193 1113 251 1174; x_wconf 87' lang='lat' dir='ltr'><strong>que</strong></span> <span class='ocrx_word' id='word_1_83' title='bbox 266 1095 440 1156; x_wconf 77' lang='lat' dir='ltr'><strong>Aristoteles</strong></span> <span class='ocrx_word' id='word_1_84' title='bbox 453 1105 567 1155; x_wconf 89' lang='lat' dir='ltr'><strong>veteres</strong></span> <span class='ocrx_word' id='word_1_85' title='bbox 585 1093 778 1172; x_wconf 88' lang='lat' dir='ltr'><strong>philosophos</strong></span> <span class='ocrx_word' id='word_1_86' title='bbox 794 1112 946 1165; x_wconf 85' lang='lat' dir='ltr'><strong>accusans,</strong></span> <span class='ocrx_word' id='word_1_87' title='bbox 962 1095 1014 1172; x_wconf 88' lang='lat' dir='ltr'><strong>qni</strong></span> <span class='ocrx_word' id='word_1_88' title='bbox 1030 1095 1287 1155; x_wconf 86' lang='lat' dir='ltr'><strong>existimavissent</strong></span> 
     </span>
     <span class='ocr_line' id='line_1_11' title="bbox 192 1179 1348 1259; baseline -0.001 -19"><span class='ocrx_word' id='word_1_89' title='bbox 192 1179 408 1259; x_wconf 87' lang='lat' dir='ltr'><strong>philosophiam</strong></span> <span class='ocrx_word' id='word_1_90' title='bbox 424 1179 485 1240; x_wconf 90' lang='lat' dir='ltr'><strong>suis</strong></span> <span class='ocrx_word' id='word_1_91' title='bbox 507 1179 636 1258; x_wconf 84' lang='lat' dir='ltr'><strong>ingeniis</strong></span> <span class='ocrx_word' id='word_1_92' title='bbox 658 1199 722 1239; x_wconf 85' lang='lat' dir='ltr'><strong>csse</strong></span> <span class='ocrx_word' id='word_1_93' title='bbox 738 1181 917 1258; x_wconf 80' lang='lat' dir='ltr'><strong>perlectam,</strong></span> <span class='ocrx_word' id='word_1_94' title='bbox 942 1179 982 1238; x_wconf 86' lang='lat' dir='ltr'><strong>ait</strong></span> <span class='ocrx_word' id='word_1_95' title='bbox 996 1199 1047 1240; x_wconf 90' lang='lat' dir='ltr'><strong>eos</strong></span> <span class='ocrx_word' id='word_1_96' title='bbox 1070 1191 1118 1240; x_wconf 89' lang='lat' dir='ltr'><strong>aut</strong></span> <span class='ocrx_word' id='word_1_97' title='bbox 1133 1179 1285 1240; x_wconf 86' lang='lat' dir='ltr'><strong>stultissi-</strong></span> <span class='ocrx_word' id='word_1_98' title='bbox 1313 1189 1348 1239; x_wconf 92' lang='lat' dir='ltr'><strong>1o</strong></span> 
     </span>
     <span class='ocr_line' id='line_1_12' title="bbox 192 1264 1283 1344; baseline -0.001 -18"><span class='ocrx_word' id='word_1_99' title='bbox 192 1283 258 1326; x_wconf 93' lang='lat' dir='ltr'><strong>mos</strong></span> <span class='ocrx_word' id='word_1_100' title='bbox 273 1275 323 1325; x_wconf 90' lang='lat' dir='ltr'><strong>aut</strong></span> <span class='ocrx_word' id='word_1_101' title='bbox 338 1265 567 1343; x_wconf 82' lang='lat' dir='ltr'><strong>gloriosissimos</strong></span> <span class='ocrx_word' id='word_1_102' title='bbox 588 1265 694 1330; x_wconf 83' lang='lat' dir='ltr'><strong>luisse.</strong></span> <span class='ocrx_word' id='word_1_103' title='bbox 717 1264 768 1324; x_wconf 89' lang='lat' dir='ltr'><strong>sed</strong></span> <span class='ocrx_word' id='word_1_104' title='bbox 784 1283 816 1324; x_wconf 92' lang='lat' dir='ltr'><strong>se</strong></span> <span class='ocrx_word' id='word_1_105' title='bbox 832 1265 944 1337; x_wconf 91' lang='lat' dir='ltr'><strong>videre,</strong></span> <span class='ocrx_word' id='word_1_106' title='bbox 967 1266 1047 1342; x_wconf 78' lang='lat' dir='ltr'><strong>quod</strong></span> <span class='ocrx_word' id='word_1_107' title='bbox 1068 1265 1170 1344; x_wconf 86' lang='lat' dir='ltr'><strong>paucis</strong></span> <span class='ocrx_word' id='word_1_108' title='bbox 1186 1264 1283 1325; x_wconf 88' lang='lat' dir='ltr'><strong>annis</strong></span> 
     </span>
     <span class='ocr_line' id='line_1_13' title="bbox 193 1348 1281 1430; baseline -0.002 -19"><span class='ocrx_word' id='word_1_109' title='bbox 193 1369 299 1428; x_wconf 81' lang='lat' dir='ltr'><strong>magna</strong></span> <span class='ocrx_word' id='word_1_110' title='bbox 321 1351 450 1411; x_wconf 83' lang='lat' dir='ltr'><strong>accessio</strong></span> <span class='ocrx_word' id='word_1_111' title='bbox 472 1350 547 1409; x_wconf 80' lang='lat' dir='ltr'><strong>facta</strong></span> <span class='ocrx_word' id='word_1_112' title='bbox 571 1361 663 1421; x_wconf 84' lang='lat' dir='ltr'><strong>esset,</strong></span> <span class='ocrx_word' id='word_1_113' title='bbox 686 1350 768 1408; x_wconf 89' lang='lat' dir='ltr'><strong>brevi</strong></span> <span class='ocrx_word' id='word_1_114' title='bbox 790 1361 924 1428; x_wconf 91' lang='lat' dir='ltr'><strong>tempore</strong></span> <span class='ocrx_word' id='word_1_115' title='bbox 946 1349 1162 1430; x_wconf 87' lang='lat' dir='ltr'><strong>philosophiam</strong></span> <span class='ocrx_word' id='word_1_116' title='bbox 1183 1348 1281 1429; x_wconf 89' lang='lat' dir='ltr'><strong>plane</strong></span> 
     </span>
     <span class='ocr_line' id='line_1_14' title="bbox 194 1434 1279 1513; baseline -0.003 -16"><span class='ocrx_word' id='word_1_117' title='bbox 194 1436 358 1497; x_wconf 86' lang='lat' dir='ltr'><strong>absolutam</strong></span> <span class='ocrx_word' id='word_1_118' title='bbox 381 1437 454 1495; x_wconf 84' lang='lat' dir='ltr'><strong>sore.</strong></span> <span class='ocrx_word' id='word_1_119' title='bbox 490 1434 711 1513; x_wconf 78' lang='lat' dir='ltr'><strong>Theophrastus</strong></span> <span class='ocrx_word' id='word_1_120' title='bbox 731 1445 828 1495; x_wconf 88' lang='lat' dir='ltr'><strong>antem</strong></span> <span class='ocrx_word' id='word_1_121' title='bbox 853 1434 983 1495; x_wconf 89' lang='lat' dir='ltr'><strong>moriens</strong></span> <span class='ocrx_word' id='word_1_122' title='bbox 1010 1453 1163 1496; x_wconf 80' lang='lat' dir='ltr'><strong>accusasse</strong></span> <span class='ocrx_word' id='word_1_123' title='bbox 1185 1445 1279 1495; x_wconf 91' lang='lat' dir='ltr'><strong>natu-</strong></span> 
     </span>
     <span class='ocr_line' id='line_1_15' title="bbox 193 1518 1278 1600; baseline -0.003 -18"><span class='ocrx_word' id='word_1_124' title='bbox 193 1541 257 1584; x_wconf 85' lang='lat' dir='ltr'><strong>ram</strong></span> <span class='ocrx_word' id='word_1_125' title='bbox 272 1521 390 1592; x_wconf 90' lang='lat' dir='ltr'><strong>dicitur,</strong></span> <span class='ocrx_word' id='word_1_126' title='bbox 407 1520 485 1598; x_wconf 90' lang='lat' dir='ltr'><strong>quod</strong></span> <span class='ocrx_word' id='word_1_127' title='bbox 503 1521 596 1580; x_wconf 88' lang='lat' dir='ltr'><strong>cervis</strong></span> <span class='ocrx_word' id='word_1_128' title='bbox 611 1529 640 1580; x_wconf 92' lang='lat' dir='ltr'><strong>et</strong></span> <span class='ocrx_word' id='word_1_129' title='bbox 656 1518 826 1580; x_wconf 87' lang='lat' dir='ltr'><strong>cornicibus</strong></span> <span class='ocrx_word' id='word_1_130' title='bbox 842 1520 928 1579; x_wconf 84' lang='lat' dir='ltr'><strong>vitam</strong></span> <span class='ocrx_word' id='word_1_131' title='bbox 945 1519 1124 1591; x_wconf 89' lang='lat' dir='ltr'><strong>diuturnam,</strong></span> <span class='ocrx_word' id='word_1_132' title='bbox 1145 1537 1278 1600; x_wconf 90' lang='lat' dir='ltr'><strong>quorum</strong></span> 
     </span>
     <span class='ocr_line' id='line_1_16' title="bbox 194 1604 1338 1682; baseline -0.003 -15"><span class='ocrx_word' id='word_1_133' title='bbox 194 1608 222 1668; x_wconf 89' lang='lat' dir='ltr'><strong>id</strong></span> <span class='ocrx_word' id='word_1_134' title='bbox 238 1606 312 1666; x_wconf 89' lang='lat' dir='ltr'><strong>nihil</strong></span> <span class='ocrx_word' id='word_1_135' title='bbox 326 1606 497 1678; x_wconf 88' lang='lat' dir='ltr'><strong>interesset,</strong></span> <span class='ocrx_word' id='word_1_136' title='bbox 513 1604 699 1677; x_wconf 85' lang='lat' dir='ltr'><strong>hominihus,</strong></span> <span class='ocrx_word' id='word_1_137' title='bbox 716 1611 842 1682; x_wconf 84' lang='lat' dir='ltr'><strong>quornm</strong></span> <span class='ocrx_word' id='word_1_138' title='bbox 859 1604 984 1664; x_wconf 85' lang='lat' dir='ltr'><strong>maxime</strong></span> <span class='ocrx_word' id='word_1_139' title='bbox 999 1606 1198 1678; x_wconf 79' lang='lat' dir='ltr'><strong>interfuisset,</strong></span> <span class='ocrx_word' id='word_1_140' title='bbox 1214 1616 1279 1664; x_wconf 88' lang='lat' dir='ltr'><strong>tam</strong></span> <span class='ocrx_word' id='word_1_141' title='bbox 1305 1614 1338 1664; x_wconf 81' lang='lat'><strong>¹5</strong></span> 
     </span>
     <span class='ocr_line' id='line_1_17' title="bbox 195 1689 1276 1770; baseline -0.002 -18"><span class='ocrx_word' id='word_1_142' title='bbox 195 1691 329 1770; x_wconf 82' lang='lat' dir='ltr'><strong>exiguam</strong></span> <span class='ocrx_word' id='word_1_143' title='bbox 346 1691 432 1750; x_wconf 87' lang='lat' dir='ltr'><strong>vitam</strong></span> <span class='ocrx_word' id='word_1_144' title='bbox 448 1691 591 1761; x_wconf 90' lang='lat' dir='ltr'><strong>dedisset;</strong></span> <span class='ocrx_word' id='word_1_145' title='bbox 622 1708 749 1767; x_wconf 79' lang='lat' dir='ltr'><strong>quorum</strong></span> <span class='ocrx_word' id='word_1_146' title='bbox 766 1689 790 1750; x_wconf 90' lang='lat' dir='ltr'><strong>si</strong></span> <span class='ocrx_word' id='word_1_147' title='bbox 812 1699 891 1750; x_wconf 91' lang='lat' dir='ltr'><strong>aetas</strong></span> <span class='ocrx_word' id='word_1_148' title='bbox 911 1689 1057 1768; x_wconf 81' lang='lat' dir='ltr'><strong>potuisset</strong></span> <span class='ocrx_word' id='word_1_149' title='bbox 1074 1705 1138 1752; x_wconf 91' lang='lat' dir='ltr'><strong>esse</strong></span> <span class='ocrx_word' id='word_1_150' title='bbox 1153 1689 1276 1768; x_wconf 86' lang='lat' dir='ltr'><strong>longin-</strong></span> 
     </span>
     <span class='ocr_line' id='line_1_18' title="bbox 195 1774 1277 1856; baseline -0.002 -20"><span class='ocrx_word' id='word_1_151' title='bbox 195 1777 292 1856; x_wconf 90' lang='lat' dir='ltr'><strong>quior,</strong></span> <span class='ocrx_word' id='word_1_152' title='bbox 308 1779 441 1837; x_wconf 84' lang='lat' dir='ltr'><strong>l&#39;uturum</strong></span> <span class='ocrx_word' id='word_1_153' title='bbox 452 1775 543 1836; x_wconf 83' lang='lat' dir='ltr'><strong>fnisse</strong></span> <span class='ocrx_word' id='word_1_154' title='bbox 558 1787 592 1836; x_wconf 92' lang='lat' dir='ltr'><strong>ut</strong></span> <span class='ocrx_word' id='word_1_155' title='bbox 604 1774 743 1836; x_wconf 89' lang='lat' dir='ltr'><strong>omnihus</strong></span> <span class='ocrx_word' id='word_1_156' title='bbox 757 1776 898 1853; x_wconf 86' lang='lat' dir='ltr'><strong>perlectis</strong></span> <span class='ocrx_word' id='word_1_157' title='bbox 910 1775 1023 1836; x_wconf 85' lang='lat' dir='ltr'><strong>artibus</strong></span> <span class='ocrx_word' id='word_1_158' title='bbox 1032 1777 1121 1837; x_wconf 88' lang='lat' dir='ltr'><strong>omni</strong></span> <span class='ocrx_word' id='word_1_159' title='bbox 1136 1774 1277 1842; x_wconf 87' lang='lat' dir='ltr'><strong>doctrina</strong></span> 
     </span>
     <span class='ocr_line' id='line_1_19' title="bbox 195 1860 1276 1956; baseline -0.002 -34"><span class='ocrx_word' id='word_1_160' title='bbox 195 1861 350 1922; x_wconf 90' lang='lat' dir='ltr'><strong>hominum</strong></span> <span class='ocrx_word' id='word_1_161' title='bbox 371 1861 428 1921; x_wconf 85' lang='lat' dir='ltr'><strong>vita</strong></span> <span class='ocrx_word' id='word_1_162' title='bbox 449 1862 628 1921; x_wconf 90' lang='lat' dir='ltr'><strong>erudiretur.</strong></span> <span class='ocrx_word' id='word_1_163' title='bbox 666 1860 854 1930; x_wconf 81' lang='lat' dir='ltr'><strong>Querebatur</strong></span> <span class='ocrx_word' id='word_1_164' title='bbox 875 1861 966 1956; x_wconf 81' lang='lat' dir='ltr'><strong>igitur</strong></span> <span class='ocrx_word' id='word_1_165' title='bbox 984 1881 1017 1921; x_wconf 90' lang='lat' dir='ltr'><strong>se</strong></span> <span class='ocrx_word' id='word_1_166' title='bbox 1039 1869 1117 1929; x_wconf 86' lang='lat' dir='ltr'><strong>tum,</strong></span> <span class='ocrx_word' id='word_1_167' title='bbox 1140 1879 1210 1921; x_wconf 92' lang='lat' dir='ltr'><strong>cum</strong></span> <span class='ocrx_word' id='word_1_168' title='bbox 1225 1860 1276 1920; x_wconf 91' lang='lat' dir='ltr'><strong>illa</strong></span> 
     </span>
     <span class='ocr_line' id='line_1_20' title="bbox 194 1941 1274 2043; baseline 0.001 -39"><span class='ocrx_word' id='word_1_169' title='bbox 194 1947 293 2008; x_wconf 91' lang='lat' dir='ltr'><strong>videre</strong></span> <span class='ocrx_word' id='word_1_170' title='bbox 308 1946 465 2025; x_wconf 88' lang='lat' dir='ltr'><strong>coepisset,</strong></span> <span class='ocrx_word' id='word_1_171' title='bbox 481 1941 638 2025; x_wconf 81' lang='lat' dir='ltr'><strong>exstingui.</strong></span> <span class='ocrx_word' id='word_1_172' title='bbox 680 1943 780 2015; x_wconf 80' lang='lat' dir='ltr'><strong>Quid?</strong></span> <span class='ocrx_word' id='word_1_173' title='bbox 796 1964 832 2005; x_wconf 84' lang='lat' dir='ltr'><strong>ex</strong></span> <span class='ocrx_word' id='word_1_174' title='bbox 847 1946 954 2006; x_wconf 88' lang='lat' dir='ltr'><strong>ceteris</strong></span> <span class='ocrx_word' id='word_1_175' title='bbox 968 1945 1153 2043; x_wconf 91' lang='lat' dir='ltr'><strong>philosophis</strong></span> <span class='ocrx_word' id='word_1_176' title='bbox 1168 1964 1274 2007; x_wconf 90' lang='lat' dir='ltr'><strong>nonne</strong></span> 
     </span>
     <span class='ocr_line' id='line_1_21' title="bbox 195 2029 1401 2124; baseline -0.004 -31"><span class='ocrx_word' id='word_1_177' title='bbox 195 2043 336 2112; x_wconf 90' lang='lat' dir='ltr'><strong>optumus</strong></span> <span class='ocrx_word' id='word_1_178' title='bbox 351 2043 380 2091; x_wconf 86' lang='lat' dir='ltr'><strong>ct</strong></span> <span class='ocrx_word' id='word_1_179' title='bbox 395 2032 597 2132; x_wconf 71' lang='lat' dir='ltr'><strong>gravissumus</strong></span> <span class='ocrx_word' id='word_1_180' title='bbox 609 2032 734 2110; x_wconf 87' lang='lat' dir='ltr'><strong>quisque</strong></span> <span class='ocrx_word' id='word_1_181' title='bbox 750 2029 909 2092; x_wconf 82' lang='lat' dir='ltr'><strong>¹confitetur</strong></span> <span class='ocrx_word' id='word_1_182' title='bbox 930 2032 1044 2094; x_wconf 84' lang='lat' dir='ltr'><strong>multa</strong></span> <span class='ocrx_word' id='word_1_183' title='bbox 1036 2050 1067 2092; x_wconf 89' lang='lat' dir='ltr'><strong>se</strong></span> <span class='ocrx_word' id='word_1_184' title='bbox 1088 2033 1229 2110; x_wconf 81' lang='lat' dir='ltr'><strong>ignorare</strong></span> <span class='ocrx_word' id='word_1_185' title='bbox 1244 2039 1276 2091; x_wconf 89' lang='lat' dir='ltr'><strong>et</strong></span> <span class='ocrx_word' id='word_1_186' title='bbox 1297 2038 1331 2088; x_wconf 76' lang='grc'><strong>21)</strong></span> <span class='ocrx_word' id='word_1_187' title='bbox 1400 2087 1401 2096; x_wconf 49' lang='lat'><strong>,</strong></span> 
     </span>
     <span class='ocr_line' id='line_1_22' title="bbox 145 2107 1401 2194; baseline -0.002 -16"><span class='ocrx_word' id='word_1_188' title='bbox 145 2131 174 2179; x_wconf 86' lang='grc'>’111</span> <span class='ocrx_word' id='word_1_189' title='bbox 195 2117 287 2178; x_wconf 85' lang='lat' dir='ltr'><strong>multa</strong></span> <span class='ocrx_word' id='word_1_190' title='bbox 303 2116 461 2178; x_wconf 86' lang='lat' dir='ltr'><strong>sibietiam</strong></span> <span class='ocrx_word' id='word_1_191' title='bbox 477 2112 565 2194; x_wconf 80' lang='lat' dir='ltr'><strong>atqu‘e</strong></span> <span class='ocrx_word' id='word_1_192' title='bbox 576 2107 922 2178; x_wconf 85' lang='lat' dir='ltr'><strong>etiamessediscende‘l</strong></span> <span class='ocrx_word' id='word_1_193' title='bbox 952 2117 1081 2194; x_wconf 87' lang='lat' dir='ltr'><strong>heque</strong></span> <span class='ocrx_word' id='word_1_194' title='bbox 1068 2127 1186 2189; x_wconf 90' lang='lat' dir='ltr'><strong>tamen</strong></span> <span class='ocrx_word' id='word_1_195' title='bbox 1202 2134 1274 2177; x_wconf 89' lang='lat' dir='ltr'><strong>cnm</strong></span> <span class='ocrx_word' id='word_1_196' title='bbox 1400 2117 1401 2124; x_wconf 75' lang='grc'>’</span> 
     </span>
    </p>
   </div>
   <div class='ocr_carea' id='block_1_3' title="bbox 196 2201 1275 2365">
    <p class='ocr_par' dir='ltr' id='par_1_5' title="bbox 196 2201 1275 2365">
     <span class='ocr_line' id='line_1_23' title="bbox 196 2201 1274 2281; baseline -0.001 -18"><span class='ocrx_word' id='word_1_197' title='bbox 196 2223 228 2264; x_wconf 90' lang='lat' dir='ltr'><strong>se</strong></span> <span class='ocrx_word' id='word_1_198' title='bbox 250 2201 280 2261; x_wconf 93' lang='lat' dir='ltr'><strong>in</strong></span> <span class='ocrx_word' id='word_1_199' title='bbox 303 2201 398 2261; x_wconf 89' lang='lat' dir='ltr'><strong>media</strong></span> <span class='ocrx_word' id='word_1_200' title='bbox 419 2201 557 2273; x_wconf 85' lang='lat' dir='ltr'><strong>stultitia,</strong></span> <span class='ocrx_word' id='word_1_201' title='bbox 580 2220 637 2279; x_wconf 89' lang='lat' dir='ltr'><strong>qua</strong></span> <span class='ocrx_word' id='word_1_202' title='bbox 659 2201 732 2261; x_wconf 93' lang='lat' dir='ltr'><strong>nihil</strong></span> <span class='ocrx_word' id='word_1_203' title='bbox 752 2210 798 2262; x_wconf 93' lang='lat' dir='ltr'><strong>est</strong></span> <span class='ocrx_word' id='word_1_204' title='bbox 817 2201 918 2281; x_wconf 87' lang='lat' dir='ltr'><strong>peius,</strong></span> <span class='ocrx_word' id='word_1_205' title='bbox 945 2201 1067 2262; x_wconf 86' lang='lat' dir='ltr'><strong>haerere</strong></span> <span class='ocrx_word' id='word_1_206' title='bbox 1088 2203 1274 2281; x_wconf 84' lang='lat' dir='ltr'><strong>intellegant,</strong></span> 
     </span>
     <span class='ocr_line' id='line_1_24' title="bbox 196 2285 1275 2365; baseline -0.001 -18"><span class='ocrx_word' id='word_1_207' title='bbox 196 2285 381 2364; x_wconf 83' lang='lat' dir='ltr'><strong>aegritudine</strong></span> <span class='ocrx_word' id='word_1_208' title='bbox 404 2295 596 2364; x_wconf 91' lang='lat' dir='ltr'><strong>premuntnr;</strong></span> <span class='ocrx_word' id='word_1_209' title='bbox 626 2287 704 2346; x_wconf 92' lang='lat' dir='ltr'><strong>nulla</strong></span> <span class='ocrx_word' id='word_1_210' title='bbox 725 2286 803 2346; x_wconf 92' lang='lat' dir='ltr'><strong>enim</strong></span> <span class='ocrx_word' id='word_1_211' title='bbox 826 2286 1003 2347; x_wconf 90' lang='lat' dir='ltr'><strong>admiscetur</strong></span> <span class='ocrx_word' id='word_1_212' title='bbox 1025 2286 1135 2365; x_wconf 85' lang='lat' dir='ltr'><strong>opinio&#39;</strong></span> <span class='ocrx_word' id='word_1_213' title='bbox 1149 2287 1275 2348; x_wconf 87' lang='lat' dir='ltr'><strong>officiosi</strong></span> 
     </span>
    </p>
   </div>
   <div class='ocr_carea' id='block_1_4' title="bbox 136 2417 1279 3979">
    <p class='ocr_par' dir='ltr' id='par_1_6' title="bbox 196 2417 912 2484">
     <span class='ocr_line' id='line_1_25' title="bbox 196 2417 912 2484; baseline 0.003 -14"><span class='ocrx_word' id='word_1_214' title='bbox 196 2435 281 2471; x_wconf 85' lang='lat' dir='ltr'><strong>neuen</strong></span> <span class='ocrx_word' id='word_1_215' title='bbox 293 2417 447 2470; x_wconf 83' lang='lat' dir='ltr'><strong>Erltenntnis</strong></span> <span class='ocrx_word' id='word_1_216' title='bbox 464 2433 516 2468; x_wconf 82' lang='lat' dir='ltr'><strong>von</strong></span> <span class='ocrx_word' id='word_1_217' title='bbox 534 2418 578 2469; x_wconf 87' lang='lat' dir='ltr'><strong>der</strong></span> <span class='ocrx_word' id='word_1_218' title='bbox 595 2418 710 2484; x_wconf 75' lang='lat' dir='ltr'><strong>Nichtig·</strong></span> <span class='ocrx_word' id='word_1_219' title='bbox 761 2419 807 2472; x_wconf 84' lang='lat' dir='ltr'><strong>des</strong></span> <span class='ocrx_word' id='word_1_220' title='bbox 826 2421 842 2484; x_wconf 66' lang='grc' dir='ltr'><strong>ξ</strong></span> <span class='ocrx_word' id='word_1_221' title='bbox 861 2423 912 2484; x_wconf 74' lang='lat' dir='ltr'><strong>to).</strong></span> 
     </span>
    </p>

    <p class='ocr_par' dir='ltr' id='par_1_7' title="bbox 198 2485 1277 2540">
     <span class='ocr_line' id='line_1_26' title="bbox 198 2485 1277 2540; baseline 0 -1"><span class='ocrx_word' id='word_1_222' title='bbox 198 2488 252 2539; x_wconf 86' lang='lat' dir='ltr'><strong>heit</strong></span> <span class='ocrx_word' id='word_1_223' title='bbox 275 2487 320 2538; x_wconf 88' lang='lat' dir='ltr'><strong>der</strong></span> <span class='ocrx_word' id='word_1_224' title='bbox 343 2489 467 2536; x_wconf 55' lang='lat' dir='ltr'><strong>miseriae</strong></span> <span class='ocrx_word' id='word_1_225' title='bbox 488 2485 635 2538; x_wconf 84' lang='lat' dir='ltr'><strong>bernhende</strong></span> <span class='ocrx_word' id='word_1_226' title='bbox 657 2489 710 2538; x_wconf 81' lang='lat' dir='ltr'><strong>Ah-</strong></span> <span class='ocrx_word' id='word_1_227' title='bbox 797 2490 838 2538; x_wconf 90' lang='grc'>14.</span> <span class='ocrx_word' id='word_1_228' title='bbox 857 2491 942 2538; x_wconf 72' lang='lat' dir='ltr'><strong>mois</strong></span> <span class='ocrx_word' id='word_1_229' title='bbox 959 2493 985 2538; x_wconf 81' lang='lat' dir='ltr'><strong>el</strong></span> <span class='ocrx_word' id='word_1_230' title='bbox 1003 2491 1163 2539; x_wconf 75' lang='lat' dir='ltr'><strong>cornicibus.</strong></span> <span class='ocrx_word' id='word_1_231' title='bbox 1200 2486 1277 2540; x_wconf 81' lang='lat' dir='ltr'><strong>ovid.</strong></span> 
     </span>
    </p>

    <p class='ocr_par' dir='ltr' id='par_1_8' title="bbox 197 2553 971 2621">
     <span class='ocr_line' id='line_1_27' title="bbox 197 2553 971 2621; baseline -0.001 -15"><span class='ocrx_word' id='word_1_232' title='bbox 197 2553 710 2621; x_wconf 68' lang='lat' dir='ltr'><strong>hertungod.Unempfindlichheitgegen</strong></span> <span class='ocrx_word' id='word_1_233' title='bbox 761 2553 822 2606; x_wconf 85' lang='lat' dir='ltr'><strong>Met.</strong></span> <span class='ocrx_word' id='word_1_234' title='bbox 841 2555 890 2619; x_wconf 81' lang='lat' dir='ltr'><strong>Vll.</strong></span> <span class='ocrx_word' id='word_1_235' title='bbox 910 2557 971 2608; x_wconf 72' lang='lat'><strong>273:</strong></span> 
     </span>
    </p>

    <p class='ocr_par' dir='ltr' id='par_1_9' title="bbox 197 2623 1277 2757">
     <span class='ocr_line' id='line_1_28' title="bbox 197 2623 1277 2690; baseline -0.002 -15"><span class='ocrx_word' id='word_1_236' title='bbox 197 2623 330 2675; x_wconf 84' lang='lat' dir='ltr'><strong>dieselhen</strong></span> <span class='ocrx_word' id='word_1_237' title='bbox 348 2623 411 2675; x_wconf 86' lang='lat' dir='ltr'><strong>sein.</strong></span> <span class='ocrx_word' id='word_1_238' title='bbox 796 2623 956 2688; x_wconf 78' lang='lat' dir='ltr'><strong>Vr&#39;oacispuc</strong></span> <span class='ocrx_word' id='word_1_239' title='bbox 972 2625 1049 2674; x_wconf 73' lang='lat' dir='ltr'><strong>iecere·</strong></span> <span class='ocrx_word' id='word_1_240' title='bbox 1072 2627 1155 2688; x_wconf 69' lang='lat' dir='ltr'><strong>cmvi,</strong></span> <span class='ocrx_word' id='word_1_241' title='bbox 1181 2625 1277 2690; x_wconf 70' lang='lat' dir='ltr'><strong>quibus</strong></span> 
     </span>
     <span class='ocr_line' id='line_1_29' title="bbox 232 2689 1171 2757; baseline 0.001 -16"><span class='ocrx_word' id='word_1_242' title='bbox 232 2694 255 2744; x_wconf 87' lang='grc'><strong>2.</strong></span> <span class='ocrx_word' id='word_1_243' title='bbox 268 2693 447 2756; x_wconf 79' lang='lat' dir='ltr'><strong>sapientiem:</strong></span> <span class='ocrx_word' id='word_1_244' title='bbox 466 2691 508 2746; x_wconf 86' lang='lat' dir='ltr'><strong>die</strong></span> <span class='ocrx_word' id='word_1_245' title='bbox 520 2689 711 2742; x_wconf 86' lang='lat' dir='ltr'><strong>vollkomrnene</strong></span> <span class='ocrx_word' id='word_1_246' title='bbox 964 2694 1075 2757; x_wconf 79' lang='lat' dir='ltr'><strong>insuper</strong></span> <span class='ocrx_word' id='word_1_247' title='bbox 1091 2693 1171 2742; x_wconf 77' lang='lat' dir='ltr'><strong>auctu</strong></span> 
     </span>
    </p>

    <p class='ocr_par' dir='ltr' id='par_1_10' title="bbox 196 2758 1279 2824">
     <span class='ocr_line' id='line_1_30' title="bbox 196 2758 1279 2824; baseline -0.002 -15"><span class='ocrx_word' id='word_1_248' title='bbox 196 2759 332 2824; x_wconf 86' lang='lat' dir='ltr'><strong>Weisheit,</strong></span> <span class='ocrx_word' id='word_1_249' title='bbox 338 2758 710 2811; x_wconf 80' lang='lat' dir='ltr'><strong>welcheeulserdenStoiltern</strong></span> <span class='ocrx_word' id='word_1_250' title='bbox 804 2758 857 2808; x_wconf 82' lang='lat' dir='ltr'><strong>Ora</strong></span> <span class='ocrx_word' id='word_1_251' title='bbox 884 2766 1015 2824; x_wconf 82' lang='lat' dir='ltr'><strong>caputque</strong></span> <span class='ocrx_word' id='word_1_252' title='bbox 1038 2777 1132 2811; x_wconf 82' lang='lat' dir='ltr'><strong>nouem</strong></span> <span class='ocrx_word' id='word_1_253' title='bbox 1158 2763 1279 2810; x_wconf 78' lang='lat' dir='ltr'><strong>corrricis</strong></span> 
     </span>
    </p>

    <p class='ocr_par' dir='ltr' id='par_1_11' title="bbox 136 2828 1191 2960">
     <span class='ocr_line' id='line_1_31' title="bbox 136 2828 1191 2895; baseline -0.001 -16"><span class='ocrx_word' id='word_1_254' title='bbox 136 2833 138 2836; x_wconf 83' lang='lat'>&#39;</span> <span class='ocrx_word' id='word_1_255' title='bbox 197 2829 316 2880; x_wconf 78' lang='lat' dir='ltr'><strong>niemend</strong></span> <span class='ocrx_word' id='word_1_256' title='bbox 334 2828 436 2881; x_wconf 87' lang='lat' dir='ltr'><strong>hesitzt.</strong></span> <span class='ocrx_word' id='word_1_257' title='bbox 965 2829 1072 2879; x_wconf 73' lang='lat' dir='ltr'><strong>suececlc</strong></span> <span class='ocrx_word' id='word_1_258' title='bbox 1087 2844 1191 2895; x_wconf 73' lang='lat' dir='ltr'><strong>passae.</strong></span> 
     </span>
     <span class='ocr_line' id='line_1_32' title="bbox 231 2891 1054 2960; baseline -0.001 -11"><span class='ocrx_word' id='word_1_259' title='bbox 231 2901 254 2949; x_wconf 88' lang='lat'><strong>4.</strong></span> <span class='ocrx_word' id='word_1_260' title='bbox 278 2911 363 2960; x_wconf 79' lang='lat' dir='ltr'><strong>neque</strong></span> <span class='ocrx_word' id='word_1_261' title='bbox 385 2900 475 2945; x_wconf 82' lang='lat' dir='ltr'><strong>tumen</strong></span> <span class='ocrx_word' id='word_1_262' title='bbox 493 2895 592 2958; x_wconf 71' lang='lat' dir='ltr'><strong>lugent,</strong></span> <span class='ocrx_word' id='word_1_263' title='bbox 610 2895 663 2958; x_wconf 78' lang='lat' dir='ltr'><strong>vgl.</strong></span> <span class='ocrx_word' id='word_1_264' title='bbox 681 2893 710 2944; x_wconf 92' lang='lat' dir='ltr'><strong>ll.</strong></span> <span class='ocrx_word' id='word_1_265' title='bbox 762 2891 821 2957; x_wconf 80' lang='lat' dir='ltr'><strong>Vgl.</strong></span> <span class='ocrx_word' id='word_1_266' title='bbox 838 2894 939 2945; x_wconf 82' lang='lat' dir='ltr'><strong>euchl.</strong></span> <span class='ocrx_word' id='word_1_267' title='bbox 958 2897 999 2958; x_wconf 89' lang='grc'>31,</span> <span class='ocrx_word' id='word_1_268' title='bbox 1013 2899 1054 2947; x_wconf 67' lang='lat' dir='ltr'><strong>ll.</strong></span> 
     </span>
    </p>

    <p class='ocr_par' dir='ltr' id='par_1_12' title="bbox 199 2959 1275 3164">
     <span class='ocr_line' id='line_1_33' title="bbox 199 2959 1275 3048; baseline -0.007 -31"><span class='ocrx_word' id='word_1_269' title='bbox 199 2967 239 3022; x_wconf 85' lang='grc'><strong>12,</strong></span> <span class='ocrx_word' id='word_1_270' title='bbox 252 2965 297 3016; x_wconf 81' lang='lat'><strong>28:</strong></span> <span class='ocrx_word' id='word_1_271' title='bbox 316 2962 382 3027; x_wconf 76' lang='lat' dir='ltr'><strong>eeu</strong></span> <span class='ocrx_word' id='word_1_272' title='bbox 393 2966 482 3026; x_wconf 73' lang='lat' dir='ltr'><strong>egetur</strong></span> <span class='ocrx_word' id='word_1_273' title='bbox 498 2964 648 3027; x_wconf 73' lang='lat' dir='ltr'><strong>[specterum</strong></span> <span class='ocrx_word' id='word_1_274' title='bbox 660 2970 710 3014; x_wconf 83' lang='lat' dir='ltr'><strong>cet</strong></span> <span class='ocrx_word' id='word_1_275' title='bbox 798 2964 837 3013; x_wconf 83' lang='lat'><strong>18.</strong></span> <span class='ocrx_word' id='word_1_276' title='bbox 852 2962 1034 3048; x_wconf 78' lang='lat' dir='ltr'><strong>Querebatur,</strong></span> <span class='ocrx_word' id='word_1_277' title='bbox 1043 2965 1107 3016; x_wconf 90' lang='lat' dir='ltr'><strong>uach</strong></span> <span class='ocrx_word' id='word_1_278' title='bbox 1123 2962 1192 3018; x_wconf 68' lang='lat' dir='ltr'><strong>nice.</strong></span> <span class='ocrx_word' id='word_1_279' title='bbox 1205 2959 1275 3013; x_wconf 83' lang='lat' dir='ltr'><strong>t..v</strong></span> 
     </span>
     <span class='ocr_line' id='line_1_34' title="bbox 234 3023 1274 3112; baseline -0.003 -30"><span class='ocrx_word' id='word_1_280' title='bbox 234 3035 257 3082; x_wconf 82' lang='lat'><strong>5.</strong></span> <span class='ocrx_word' id='word_1_281' title='bbox 274 3034 369 3094; x_wconf 78' lang='lat' dir='ltr'><strong>generi</strong></span> <span class='ocrx_word' id='word_1_282' title='bbox 385 3032 457 3094; x_wconf 76' lang='lat' dir='ltr'><strong>need,</strong></span> <span class='ocrx_word' id='word_1_283' title='bbox 475 3046 544 3083; x_wconf 70' lang='lat' dir='ltr'><strong>mu</strong></span> <span class='ocrx_word' id='word_1_284' title='bbox 561 3032 619 3082; x_wconf 91' lang='grc'>11.4</span> <span class='ocrx_word' id='word_1_285' title='bbox 603 3035 681 3092; x_wconf 78' lang='grc'>4,10.</span> <span class='ocrx_word' id='word_1_286' title='bbox 762 3033 808 3080; x_wconf 81' lang='lat'><strong>41:</strong></span> <span class='ocrx_word' id='word_1_287' title='bbox 815 3023 927 3112; x_wconf 68' lang='grc' dir='ltr'><strong>Ημεῖΰ,</strong></span> <span class='ocrx_word' id='word_1_288' title='bbox 950 3026 1022 3083; x_wconf 81' lang='grc' dir='ltr'><strong><em>ὁπότ</em></strong></span> <span class='ocrx_word' id='word_1_289' title='bbox 1027 3027 1274 3100; x_wconf 58' lang='grc' dir='ltr'><strong>’ἀρχόμεθαζῆη</strong></span> 
     </span>
     <span class='ocr_line' id='line_1_35' title="bbox 233 3091 1065 3164; baseline 0.001 -15"><span class='ocrx_word' id='word_1_290' title='bbox 233 3103 257 3150; x_wconf 81' lang='lat'><strong>7.</strong></span> <span class='ocrx_word' id='word_1_291' title='bbox 281 3099 354 3163; x_wconf 80' lang='lat' dir='ltr'><strong>quod</strong></span> <span class='ocrx_word' id='word_1_292' title='bbox 375 3099 458 3159; x_wconf 80' lang='lat' dir='ltr'><strong>idem,</strong></span> <span class='ocrx_word' id='word_1_293' title='bbox 479 3100 589 3150; x_wconf 84' lang='lat' dir='ltr'><strong>niimlich</strong></span> <span class='ocrx_word' id='word_1_294' title='bbox 607 3104 711 3149; x_wconf 81' lang='lat' dir='ltr'><strong>rectum</strong></span> <span class='ocrx_word' id='word_1_295' title='bbox 760 3091 811 3148; x_wconf 82' lang='grc' dir='ltr'><strong>τότ</strong></span> <span class='ocrx_word' id='word_1_296' title='bbox 815 3092 1065 3164; x_wconf 56' lang='lat' dir='ltr'><strong>&#39;decumanorum</strong></span> 
     </span>
    </p>

    <p class='ocr_par' dir='ltr' id='par_1_13' title="bbox 199 3164 1275 3244">
     <span class='ocr_line' id='line_1_36' title="bbox 199 3164 1275 3244; baseline -0.004 -27"><span class='ocrx_word' id='word_1_297' title='bbox 199 3180 385 3229; x_wconf 77' lang='lat' dir='ltr'><strong>esse-aegre</strong></span> <span class='ocrx_word' id='word_1_298' title='bbox 401 3167 487 3229; x_wconf 78' lang='lat' dir='ltr'><strong>serre,</strong></span> <span class='ocrx_word' id='word_1_299' title='bbox 510 3182 628 3232; x_wconf 77' lang='lat' dir='ltr'><strong>ungeuau</strong></span> <span class='ocrx_word' id='word_1_300' title='bbox 647 3174 712 3218; x_wconf 81' lang='lat' dir='ltr'><strong>stult</strong></span> <span class='ocrx_word' id='word_1_301' title='bbox 797 3167 838 3217; x_wconf 81' lang='lat'><strong>21.</strong></span> <span class='ocrx_word' id='word_1_302' title='bbox 861 3169 943 3216; x_wconf 80' lang='lat' dir='ltr'><strong>ettam</strong></span> <span class='ocrx_word' id='word_1_303' title='bbox 959 3172 1040 3244; x_wconf 73' lang='lat' dir='ltr'><strong>elque</strong></span> <span class='ocrx_word' id='word_1_304' title='bbox 1058 3171 1150 3229; x_wconf 80' lang='lat' dir='ltr'><strong>etiem,</strong></span> <span class='ocrx_word' id='word_1_305' title='bbox 1168 3164 1275 3231; x_wconf 76' lang='lat' dir='ltr'><strong>eigeutl.</strong></span> 
     </span>
    </p>

    <p class='ocr_par' dir='ltr' id='par_1_14' title="bbox 198 3232 1275 3366">
     <span class='ocr_line' id='line_1_37' title="bbox 198 3232 1274 3301; baseline -0.002 -16"><span class='ocrx_word' id='word_1_306' title='bbox 198 3250 279 3301; x_wconf 79' lang='lat' dir='ltr'><strong>quom</strong></span> <span class='ocrx_word' id='word_1_307' title='bbox 296 3232 414 3285; x_wconf 80' lang='lat' dir='ltr'><strong>eandem.</strong></span> <span class='ocrx_word' id='word_1_308' title='bbox 763 3233 858 3284; x_wconf 82' lang='lat' dir='ltr'><strong>wieder</strong></span> <span class='ocrx_word' id='word_1_309' title='bbox 881 3235 964 3284; x_wconf 87' lang='lat' dir='ltr'><strong>und</strong></span> <span class='ocrx_word' id='word_1_310' title='bbox 958 3250 1047 3286; x_wconf 88' lang='lat' dir='ltr'><strong>rmmer</strong></span> <span class='ocrx_word' id='word_1_311' title='bbox 1069 3235 1179 3294; x_wconf 83' lang='lat' dir='ltr'><strong>wieder,</strong></span> <span class='ocrx_word' id='word_1_312' title='bbox 1205 3233 1231 3284; x_wconf 86' lang='lat' dir='ltr'><strong>d.</strong></span> <span class='ocrx_word' id='word_1_313' title='bbox 1248 3232 1274 3283; x_wconf 90' lang='lat' dir='ltr'><strong>h.</strong></span> 
     </span>
     <span class='ocr_line' id='line_1_38' title="bbox 239 3270 1275 3366; baseline -0.004 -12"><span class='ocrx_word' id='word_1_314' title='bbox 239 3305 263 3354; x_wconf 80' lang='lat'><strong>8.</strong></span> <span class='ocrx_word' id='word_1_315' title='bbox 291 3302 392 3364; x_wconf 75' lang='lat' dir='ltr'><strong>luctus,</strong></span> <span class='ocrx_word' id='word_1_316' title='bbox 419 3302 466 3351; x_wconf 77' lang='lat' dir='ltr'><strong>urit</strong></span> <span class='ocrx_word' id='word_1_317' title='bbox 489 3299 578 3366; x_wconf 77' lang='lat' dir='ltr'><strong>Bezug</strong></span> <span class='ocrx_word' id='word_1_318' title='bbox 602 3302 648 3353; x_wconf 82' lang='lat' dir='ltr'><strong>aul</strong></span> <span class='ocrx_word' id='word_1_319' title='bbox 670 3304 711 3365; x_wconf 86' lang='grc'><strong>26,</strong></span> <span class='ocrx_word' id='word_1_320' title='bbox 762 3301 997 3356; x_wconf 87' lang='lat' dir='ltr'><strong>unnnterhrochen:</strong></span> <span class='ocrx_word' id='word_1_321' title='bbox 1023 3319 1053 3354; x_wconf 85' lang='lat' dir='ltr'><strong>es</strong></span> <span class='ocrx_word' id='word_1_322' title='bbox 1076 3270 1194 3354; x_wconf 85' lang='lat' dir='ltr'><strong>verstelit</strong></span> <span class='ocrx_word' id='word_1_323' title='bbox 1219 3300 1275 3351; x_wconf 86' lang='lat' dir='ltr'><strong>sich</strong></span> 
     </span>
    </p>

    <p class='ocr_par' dir='ltr' id='par_1_15' title="bbox 198 3367 1275 3435">
     <span class='ocr_line' id='line_1_39' title="bbox 198 3367 1275 3435; baseline -0.005 -11"><span class='ocrx_word' id='word_1_324' title='bbox 198 3369 278 3428; x_wconf 58' lang='lat' dir='ltr'><strong>cuth</strong></span> <span class='ocrx_word' id='word_1_325' title='bbox 303 3386 371 3435; x_wconf 87' lang='lat' dir='ltr'><strong>quae</strong></span> <span class='ocrx_word' id='word_1_326' title='bbox 390 3371 509 3419; x_wconf 79' lang='lat' dir='ltr'><strong>omnium</strong></span> <span class='ocrx_word' id='word_1_327' title='bbox 527 3379 591 3435; x_wconf 78' lang='lat' dir='ltr'><strong>cet,</strong></span> <span class='ocrx_word' id='word_1_328' title='bbox 613 3386 633 3423; x_wconf 87' lang='lat' dir='ltr'><strong>s.</strong></span> <span class='ocrx_word' id='word_1_329' title='bbox 652 3386 675 3420; x_wconf 87' lang='lat' dir='ltr'><strong>z.</strong></span> <span class='ocrx_word' id='word_1_330' title='bbox 692 3370 712 3420; x_wconf 90' lang='lat' dir='ltr'><strong>l.</strong></span> <span class='ocrx_word' id='word_1_331' title='bbox 761 3385 813 3420; x_wconf 83' lang='lat' dir='ltr'><strong>rou</strong></span> <span class='ocrx_word' id='word_1_332' title='bbox 831 3369 926 3431; x_wconf 77' lang='lat' dir='ltr'><strong>selbot,</strong></span> <span class='ocrx_word' id='word_1_333' title='bbox 948 3371 1004 3422; x_wconf 80' lang='lat' dir='ltr'><strong>dass</strong></span> <span class='ocrx_word' id='word_1_334' title='bbox 1020 3371 1091 3423; x_wconf 87' lang='lat' dir='ltr'><strong>nicht</strong></span> <span class='ocrx_word' id='word_1_335' title='bbox 1109 3372 1200 3421; x_wconf 85' lang='lat' dir='ltr'><strong>immer</strong></span> <span class='ocrx_word' id='word_1_336' title='bbox 1217 3367 1275 3419; x_wconf 88' lang='lat' dir='ltr'><strong>das·</strong></span> 
     </span>
    </p>

    <p class='ocr_par' dir='ltr' id='par_1_16' title="bbox 199 3435 1149 3502">
     <span class='ocr_line' id='line_1_40' title="bbox 199 3435 1149 3502; baseline -0.004 -10"><span class='ocrx_word' id='word_1_337' title='bbox 199 3443 240 3494; x_wconf 82' lang='grc'><strong>25,</strong></span> <span class='ocrx_word' id='word_1_338' title='bbox 253 3441 299 3491; x_wconf 81' lang='lat'><strong>61:</strong></span> <span class='ocrx_word' id='word_1_339' title='bbox 319 3454 386 3502; x_wconf 81' lang='lat' dir='ltr'><strong>puae</strong></span> <span class='ocrx_word' id='word_1_340' title='bbox 403 3439 554 3501; x_wconf 74' lang='lat' dir='ltr'><strong>investigat.</strong></span> <span class='ocrx_word' id='word_1_341' title='bbox 763 3435 834 3488; x_wconf 88' lang='lat' dir='ltr'><strong>selhe</strong></span> <span class='ocrx_word' id='word_1_342' title='bbox 852 3439 952 3502; x_wconf 79' lang='lat' dir='ltr'><strong>gelernt</strong></span> <span class='ocrx_word' id='word_1_343' title='bbox 969 3438 1071 3491; x_wconf 85' lang='lat' dir='ltr'><strong>werden</strong></span> <span class='ocrx_word' id='word_1_344' title='bbox 1090 3440 1149 3490; x_wconf 90' lang='lat' dir='ltr'><strong>soll.</strong></span> 
     </span>
    </p>

    <p class='ocr_par' dir='ltr' id='par_1_17' title="bbox 198 3503 1275 3775">
     <span class='ocr_line' id='line_1_41' title="bbox 234 3503 1275 3572; baseline -0.004 -13"><span class='ocrx_word' id='word_1_345' title='bbox 234 3511 259 3559; x_wconf 81' lang='grc'><strong>9.</strong></span> <span class='ocrx_word' id='word_1_346' title='bbox 276 3507 442 3569; x_wconf 76' lang='lat' dir='ltr'><strong>Aristoteles,</strong></span> <span class='ocrx_word' id='word_1_347' title='bbox 460 3520 480 3556; x_wconf 88' lang='lat' dir='ltr'><strong>s.</strong></span> <span class='ocrx_word' id='word_1_348' title='bbox 499 3521 529 3555; x_wconf 85' lang='lat' dir='ltr'><strong>zu</strong></span> <span class='ocrx_word' id='word_1_349' title='bbox 548 3505 565 3554; x_wconf 91' lang='lat' dir='ltr'><strong>l.</strong></span> <span class='ocrx_word' id='word_1_350' title='bbox 584 3507 609 3568; x_wconf 89' lang='lat'><strong>4,</strong></span> <span class='ocrx_word' id='word_1_351' title='bbox 622 3508 646 3557; x_wconf 76' lang='lat'><strong>7.</strong></span> <span class='ocrx_word' id='word_1_352' title='bbox 792 3505 833 3556; x_wconf 85' lang='grc'><strong>22.</strong></span> <span class='ocrx_word' id='word_1_353' title='bbox 840 3505 1093 3570; x_wconf 59' lang='grc' dir='ltr'><strong>ίηωίἱσςΜαοὴ</strong></span> <span class='ocrx_word' id='word_1_354' title='bbox 1102 3503 1275 3572; x_wconf 77' lang='lat' dir='ltr'><strong>quisqueund</strong></span> 
     </span>
     <span class='ocr_line' id='line_1_42' title="bbox 234 3571 1274 3639; baseline -0.005 -11"><span class='ocrx_word' id='word_1_355' title='bbox 234 3577 473 3639; x_wconf 60' lang='lat' dir='ltr'><strong>impendeamus,</strong></span> <span class='ocrx_word' id='word_1_356' title='bbox 487 3571 712 3623; x_wconf 74' lang='lat' dir='ltr'><strong>nlmllchseitSo-</strong></span> <span class='ocrx_word' id='word_1_357' title='bbox 762 3578 887 3636; x_wconf 83' lang='lat' dir='ltr'><strong>uterque,</strong></span> <span class='ocrx_word' id='word_1_358' title='bbox 909 3574 960 3626; x_wconf 89' lang='lat' dir='ltr'><strong>wie</strong></span> <span class='ocrx_word' id='word_1_359' title='bbox 984 3578 1048 3626; x_wconf 80' lang='lat' dir='ltr'><strong>nach</strong></span> <span class='ocrx_word' id='word_1_360' title='bbox 1067 3576 1155 3627; x_wconf 86' lang='lat' dir='ltr'><strong>Suhst.</strong></span> <span class='ocrx_word' id='word_1_361' title='bbox 1173 3572 1274 3626; x_wconf 84' lang='lat' dir='ltr'><strong>collect.</strong></span> 
     </span>
     <span class='ocr_line' id='line_1_43' title="bbox 198 3639 1274 3708; baseline -0.003 -14"><span class='ocrx_word' id='word_1_362' title='bbox 198 3644 292 3695; x_wconf 84' lang='lat' dir='ltr'><strong>kretes.</strong></span> <span class='ocrx_word' id='word_1_363' title='bbox 763 3639 1274 3708; x_wconf 74' lang='lat' dir='ltr'><strong>llll.3,6rrrultz&#39;ludotgehtanchliicero</strong></span> 
     </span>
     <span class='ocr_line' id='line_1_44' title="bbox 235 3708 1275 3775; baseline -0.005 -11"><span class='ocrx_word' id='word_1_364' title='bbox 235 3715 274 3764; x_wconf 88' lang='grc'><strong>13.</strong></span> <span class='ocrx_word' id='word_1_365' title='bbox 290 3709 495 3775; x_wconf 73' lang='lat' dir='ltr'><strong>Theophrastus,</strong></span> <span class='ocrx_word' id='word_1_366' title='bbox 508 3723 528 3759; x_wconf 90' lang='lat' dir='ltr'><strong>s.</strong></span> <span class='ocrx_word' id='word_1_367' title='bbox 540 3723 572 3758; x_wconf 82' lang='lat' dir='ltr'><strong>eu</strong></span> <span class='ocrx_word' id='word_1_368' title='bbox 583 3708 601 3758; x_wconf 93' lang='lat' dir='ltr'><strong>l.</strong></span> <span class='ocrx_word' id='word_1_369' title='bbox 617 3710 709 3769; x_wconf 74' lang='grc'>11115.</span> <span class='ocrx_word' id='word_1_370' title='bbox 760 3710 796 3760; x_wconf 86' lang='lat' dir='ltr'><strong>im</strong></span> <span class='ocrx_word' id='word_1_371' title='bbox 814 3709 992 3773; x_wconf 66' lang='lat' dir='ltr'><strong>folgenden</strong></span> <span class='ocrx_word' id='word_1_372' title='bbox 1010 3711 1086 3762; x_wconf 83' lang='lat' dir='ltr'><strong>Setze</strong></span> <span class='ocrx_word' id='word_1_373' title='bbox 1103 3711 1176 3762; x_wconf 89' lang='lat' dir='ltr'><strong>nicht</strong></span> <span class='ocrx_word' id='word_1_374' title='bbox 1192 3710 1275 3760; x_wconf 88' lang='lat' dir='ltr'><strong>selten</strong></span> 
     </span>
    </p>

    <p class='ocr_par' dir='ltr' id='par_1_18' title="bbox 199 3776 1048 3841">
     <span class='ocr_line' id='line_1_45' title="bbox 199 3776 1048 3841; baseline 0.002 -13"><span class='ocrx_word' id='word_1_375' title='bbox 199 3778 248 3830; x_wconf 84' lang='lat' dir='ltr'><strong>Der</strong></span> <span class='ocrx_word' id='word_1_376' title='bbox 266 3779 307 3828; x_wconf 91' lang='lat' dir='ltr'><strong>bei</strong></span> <span class='ocrx_word' id='word_1_377' title='bbox 328 3778 377 3828; x_wconf 88' lang='lat' dir='ltr'><strong>den</strong></span> <span class='ocrx_word' id='word_1_378' title='bbox 395 3777 579 3841; x_wconf 76' lang='lat' dir='ltr'><strong>Auiuhrnngen</strong></span> <span class='ocrx_word' id='word_1_379' title='bbox 598 3776 710 3828; x_wconf 89' lang='lat' dir='ltr'><strong>leitende</strong></span> <span class='ocrx_word' id='word_1_380' title='bbox 761 3778 788 3826; x_wconf 91' lang='lat' dir='ltr'><strong>in</strong></span> <span class='ocrx_word' id='word_1_381' title='bbox 806 3777 855 3828; x_wconf 93' lang='lat' dir='ltr'><strong>den</strong></span> <span class='ocrx_word' id='word_1_382' title='bbox 873 3777 958 3828; x_wconf 84' lang='lat' dir='ltr'><strong>Plnrel</strong></span> <span class='ocrx_word' id='word_1_383' title='bbox 977 3779 1048 3830; x_wconf 85' lang='lat' dir='ltr'><strong>tiber.</strong></span> 
     </span>
    </p>

    <p class='ocr_par' dir='ltr' id='par_1_19' title="bbox 199 3843 1275 3912">
     <span class='ocr_line' id='line_1_46' title="bbox 199 3843 1275 3912; baseline -0.001 -15"><span class='ocrx_word' id='word_1_384' title='bbox 199 3846 321 3898; x_wconf 78' lang='lat' dir='ltr'><strong>Gedenlse</strong></span> <span class='ocrx_word' id='word_1_385' title='bbox 342 3845 378 3896; x_wconf 90' lang='lat' dir='ltr'><strong>ist</strong></span> <span class='ocrx_word' id='word_1_386' title='bbox 400 3846 446 3896; x_wconf 85' lang='lat' dir='ltr'><strong>des</strong></span> <span class='ocrx_word' id='word_1_387' title='bbox 463 3861 548 3909; x_wconf 83' lang='lat' dir='ltr'><strong>neque</strong></span> <span class='ocrx_word' id='word_1_388' title='bbox 564 3849 654 3894; x_wconf 77' lang='lat' dir='ltr'><strong>tauron</strong></span> <span class='ocrx_word' id='word_1_389' title='bbox 672 3846 711 3895; x_wconf 88' lang='lat' dir='ltr'><strong>lu·</strong></span> <span class='ocrx_word' id='word_1_390' title='bbox 797 3846 837 3896; x_wconf 85' lang='grc'><strong>23.</strong></span> <span class='ocrx_word' id='word_1_391' title='bbox 850 3843 969 3906; x_wconf 74' lang='lat' dir='ltr'><strong>officiosi</strong></span> <span class='ocrx_word' id='word_1_392' title='bbox 985 3846 1095 3907; x_wconf 76' lang='lat' dir='ltr'><strong>doloris,</strong></span> <span class='ocrx_word' id='word_1_393' title='bbox 1113 3845 1164 3897; x_wconf 90' lang='lat' dir='ltr'><strong>wie</strong></span> <span class='ocrx_word' id='word_1_394' title='bbox 1182 3858 1208 3912; x_wconf 91' lang='lat' dir='ltr'><strong>p.</strong></span> <span class='ocrx_word' id='word_1_395' title='bbox 1221 3843 1275 3896; x_wconf 85' lang='lat' dir='ltr'><strong>Mil.</strong></span> 
     </span>
    </p>

    <p class='ocr_par' dir='ltr' id='par_1_20' title="bbox 197 3912 1112 3979">
     <span class='ocr_line' id='line_1_47' title="bbox 197 3912 1112 3979; baseline -0.001 -14"><span class='ocrx_word' id='word_1_396' title='bbox 197 3916 301 3979; x_wconf 75' lang='lat' dir='ltr'><strong>gentio</strong></span> <span class='ocrx_word' id='word_1_397' title='bbox 314 3914 369 3978; x_wconf 79' lang='lat'><strong>§68</strong></span> <span class='ocrx_word' id='word_1_398' title='bbox 382 3913 544 3978; x_wconf 84' lang='lat' dir='ltr'><strong>(wiederholt</strong></span> <span class='ocrx_word' id='word_1_399' title='bbox 555 3912 590 3962; x_wconf 86' lang='lat' dir='ltr'><strong>im</strong></span> <span class='ocrx_word' id='word_1_400' title='bbox 603 3916 624 3964; x_wconf 91' lang='lat'><strong>1.</strong></span> <span class='ocrx_word' id='word_1_401' title='bbox 635 3912 711 3964; x_wconf 85' lang='lat' dir='ltr'><strong>Satze</strong></span> <span class='ocrx_word' id='word_1_402' title='bbox 763 3916 787 3976; x_wconf 80' lang='lat'><strong>5,</strong></span> <span class='ocrx_word' id='word_1_403' title='bbox 802 3914 847 3966; x_wconf 80' lang='lat'><strong>12:</strong></span> <span class='ocrx_word' id='word_1_404' title='bbox 866 3913 984 3974; x_wconf 71' lang='lat' dir='ltr'><strong>officiosi</strong></span> <span class='ocrx_word' id='word_1_405' title='bbox 1001 3915 1112 3966; x_wconf 68' lang='lat' dir='ltr'><strong>labores.</strong></span> 
     </span>
    </p>
   </div>
   <div class='ocr_carea' id='block_1_5' title="bbox 0 0 1419 4474">
    <p class='ocr_par' dir='ltr' id='par_1_21' title="bbox 0 0 1419 4474">
     <span class='ocr_line' id='line_1_48' title="bbox 0 0 1419 4474; baseline 0 0"><span class='ocrx_word' id='word_1_406' title='bbox 0 0 1419 4474; x_wconf 95' lang='lat' dir='ltr'><strong> </strong></span> 
     </span>
    </p>
   </div>
  </div>
 </body>
</html>
