2800 4476
216 213 277 273 132
621 215 715 266 unua
733 215 766 266 r.
784 219 876 280 tuso

214 389 308 450 virtus
323 389 418 448 suerat
432 387 512 448 domi
527 388 706 468 militiaeque
720 389 856 467 cognita,
870 387 909 448 ll.
925 389 1062 459 Antonii,
1081 389 1213 450 omnium
1230 388 1292 449 elo-

215 473 411 552 quentissimi,
434 492 510 553 quos
525 492 581 552 ego
595 474 750 543 audierim,
766 474 797 534 (L
813 473 952 537 Caesarie
968 475 999 534 in
1015 492 1075 552 quo
1090 473 1161 533 mihi
1175 473 1293 534 videtur

215 559 365 638 specimen
382 559 472 620 luisse
486 559 692 625 humanitatis,
715 559 799 630 salis,
814 559 978 630 suavitatis,
994 558 1114 638 leporis.
1143 559 1291 620 Beatusne

215 645 305 722 igitur
320 643 372 723 qui
384 644 439 704 hos
450 642 621 705 interfecit?
635 645 707 704 llnlti
717 654 822 706 contra
833 663 895 703 non
908 643 1003 705 solum
1015 662 1052 704 eo
1063 645 1177 704 ridetur
1191 645 1291 714 miser,

215 729 295 808 quod
310 747 343 790 ea
358 729 437 800 lecit,
452 730 503 789 sed
519 730 607 789 etiam
620 731 700 808 quod
716 730 756 790 ita
771 749 803 790 sc
819 730 917 808 goesit,
933 738 965 788 ut
976 748 1010 790 ea
1025 730 1121 789 lacere
1136 729 1163 789 ei
1178 729 1292 789 liceret.
1312 739 1326 787 5

216 813 280 875 Etsi
294 832 419 894 peccare
436 814 548 874 nemini
558 814 644 888 licet;
659 816 710 876 sed
725 815 873 876 sermonis
887 833 990 874 errore
1005 814 1061 874 lab'
1094 833 1147 889 ur;
1165 813 1193 874 id
1210 815 1291 874 enim

165 906 196 956 to
216 898 306 959 licere
324 899 463 972 dicimus,
484 900 564 978 quod
579 900 687 979 cuique
702 899 885 961 conceditur.
915 899 1020 960 [trum
1036 908 1086 960 tan
1110 918 1158 959 em
1179 899 1293 959 beatior

217 983 249 1045 C.
271 983 380 1044 Marius
403 994 483 1056 tum,
513 1003 580 1045 cnm
604 985 768 1046 Cimbricae
790 985 927 1045 victoriae
941 985 1065 1064 gloriam
1088 1003 1156 1045 cnm
1179 984 1292 1062 collega

217 1069 320 1129 Catulo
336 1069 573 1142 communicavit,
588 1089 683 1150 paene
698 1071 791 1130 altero
806 1070 905 1130 Laelio
921 1104 961 1112 -
978 1088 1044 1129 uam
1060 1069 1142 1131 huuc
1157 1069 1200 1129 illi
1214 1070 1291 1130 duco

216 1153 397 1215 simillimum
410 1189 468 1228 -,
484 1172 521 1215 an
537 1173 605 1216 cum
618 1156 694 1217 cirili
707 1155 785 1216 bello
800 1156 894 1215 victor
905 1155 997 1214 iratus
1013 1155 1185 1216 necessariis
1198 1154 1292 1216 Catuli
1315 1163 1340 1214 10

216 1237 445 1319 deprecantibus
461 1258 522 1300 uon
538 1240 631 1301 semel
645 1240 809 1320 respondit,
824 1241 876 1300 sed
891 1258 996 1319 saepe:
1009 1225 1232 1301 ‘mmort't
1257 1239 1290 1299 ln

217 1343 276 1403 quo
291 1323 405 1385 beatior
419 1325 486 1398 ille,
501 1326 552 1404 qui
567 1326 636 1386 huic
652 1327 782 1386 nefariae
796 1325 860 1385 roci
876 1325 989 1405 paruit,
1005 1343 1094 1404 quam
1109 1326 1150 1398 is,
1165 1325 1217 1405 qui
1232 1333 1290 1384 tam

216 1410 359 1470 scelerate
381 1410 543 1490 imperarit
587 1411 661 1472 llam
683 1430 751 1473 cum
774 1411 908 1489 accipere
930 1428 1019 1488 quam
1044 1411 1141 1471 lacere
1162 1420 1291 1490 praestat

216 1495 363 1569 iniuriam,
375 1503 439 1556 tum
451 1497 538 1556 morti
546 1496 605 1556 iam
615 1496 671 1576 ipsi
682 1496 853 1557 adventanti
860 1495 981 1574 paulum
992 1496 1154 1574 procedere
1166 1495 1291 1565 obviam,

217 1581 296 1659 quod
311 1579 382 1640 lecit
393 1579 521 1654 Catulus,
538 1599 626 1660 quam
642 1583 722 1660 quod
733 1581 852 1655 ldarius,
868 1581 934 1641 talis
948 1581 1001 1640 viri
1017 1581 1140 1641 interitu
1155 1599 1206 1642 sex
1222 1598 1292 1642 suos
1313 1589 1338 1638 15

217 1664 345 1726 obruere
361 1665 532 1728 consulatus
547 1677 577 1727 et
591 1667 794 1728 contaminare
809 1674 973 1727 extremum
989 1674 1107 1745 tempus
1120 1666 1231 1726 aeuus.

252 1853 275 1901 1.
292 1849 329 1901 Μ.
342 1851 485 1915 Antonius,
503 1866 526 1902 s.
543 1867 575 1902 zn
593 1850 622 1903 ll.
634 1855 676 1916 24,
689 1855 729 1904 at.
781 1849 810 1910 0.
829 1849 945 1902 lutatius
963 1847 1081 1911 Catulus,
1106 1847 1151 1900 der
1174 1864 1221 1900 ror
1244 1847 1291 1900 deu

217 1915 353 1982 Plutarch,
371 1919 471 1984 Appian
490 1918 542 1970 und
560 1918 644 1971 Valer.
662 1918 729 1973 ttae
781 1919 900 1969 Gimbern
914 1916 1142 1983 curticltgewichen
1157 1931 1221 1981 war,
1239 1932 1294 1967 ver·

217 1986 350 2036 schretben
370 1987 457 2038 oeinen
476 1985 532 2037 lod
550 1986 608 2038 dem
626 1986 731 2050 llarins,
781 1984 1292 2051 einigtdieselbenanldenllandiechen

217 2052 332 2118 Vellejne
347 2054 440 2106 beiden
455 2053 561 2120 Siegeru
574 2071 615 2107 un.
641 2056 730 2107 Cicero
781 2054 888 2106 Feldern
918 2054 1140 2116 (uehrscheinlicln
1168 2053 1210 2105 bei
1232 2051 1292 2104 ller-

217 2123 278 2174 eber
295 2121 389 2174 mutate
407 2123 462 2174 hier
482 2122 559 2174 daran
577 2124 670 2189 legen,
688 2124 730 2175 die
781 2122 856 2185 cella)
873 2122 900 2173 in
918 2121 1128 2174 entecheidender
1145 2120 1274 2172 Schlacht.

218 2204 299 2254 ganne
317 2188 414 2241 Schuld
438 2190 484 2241 aul
499 2190 579 2242 Cinna
600 2192 679 2243 fallen
696 2207 730 2243 zu
816 2194 856 2243 to.
873 2191 1048 2241 simillimum
1080 2188 1105 2242 S.
1118 2189 1180 2241 zul.
1195 2192 1235 2254 15,
1247 2190 1292 2240 34:
1381 2195 1382 2200 ’

217 2257 311 2308 lasteu.
784 2261 829 2308 eui
845 2259 966 2309 simulem.

253 2325 276 2374 2.
291 2339 358 2390 quos
371 2339 420 2388 ego
437 2324 580 2376 audierim.
602 2324 652 2377 Der
663 2326 731 2378 llon·
812 2328 853 2378 11.
860 2327 1072 2391 deprecantibus,
1081 2324 1145 2378 absc
1155 2339 1197 2376 um
1207 2323 1294 2376 Gnade

215 2391 329 2456 junktiv,
344 2391 732 2458 wiel16‚38:quodlitteris
781 2393 879 2448 bitten:
900 2409 930 2444 so
948 2400 1027 2444 unten
1045 2395 1200 2458 imperavit:
1218 2394 1294 2444 einen

219 2464 312 2510 enatet.
782 2459 874 2513 Belehl
891 2461 1005 2513 erteileu.

253 2529 276 2581 3.
293 2530 425 2593 specimen
441 2524 556 2592 ‘Mnoler,
572 2525 663 2590 ldeal’;
678 2529 730 2596 egl.
793 2528 797 2534 '
817 2530 967 2581 Morinum!
978 2528 1049 2580 Naclt
1059 2527 1198 2580 PlulMar.
1212 2531 1247 2579 44
1258 2542 1296 2578 er-

217 2594 235 2659 l,
257 2599 296 2660 14,
314 2597 362 2648 32:
386 2599 518 2662 epecimen
536 2603 660 2649 nemeae.
696 2597 731 2650 So
783 2596 1295 2660 stickteeichCatuluedamals(8'l)durch

218 2663 283 2716 wird
300 2664 326 2716 iu
344 2662 397 2717 Pie.
415 2667 457 2730 39,
470 2667 503 2718 95
519 2665 547 2716 Ρ.
560 2664 671 2718 Rutilius
689 2681 733 2732 ge-
784 2665 981 2732 Kohlendampl‚
993 2665 1115 2716 nechdem
1126 2662 1221 2715 Marius
1231 2664 1294 2715 auch

218 2732 311 2784 radezu
335 2733 377 2784 ein
400 2736 532 2784 eecimcn
554 2738 732 2800 inoocmtioe,
783 2734 827 2786 ihu
847 2750 904 2786 zum
922 2732 994 2785 'lode
1010 2732 1143 2784 verurleilt
1161 2731 1241 2784 hatte.

219 2800 251 2851 de
271 2800 340 2852 deor.
358 2801 411 2856 n.l
458 2803 500 2864 32,
518 2804 550 2854 89
573 2801 602 2862 0.
621 2801 732 2854 Scavola
819 2805 859 2854 12.
875 2805 982 2869 pontit:
1004 2800 1148 2867 gehorcheu
1165 2799 1295 2852 mulete.

219 2872 409 2934 temperantiae
417 2870 632 2937 prudentiaeque
648 2874 732 2937 epeci·
819 2873 860 2923 13.
883 2874 1003 2934 accipere
1018 2897 1050 2906 —
1064 2871 1203 2920 iniuriam.
1230 2865 1294 2918 Plat.

218 2952 277 2986 men
295 2942 416 3002 genennt.
783 2937 858 3003 Gorg.
868 2953 893 3004 p.
903 2940 965 2990 290:
979 2928 1171 3022 Elduapuciou
1182 2934 1223 3000 εἴη
1238 2930 1293 2985 ἀδι-

253 3003 326 3054 salis.
356 3003 496 3056 utesw0rt
508 3001 684 3059 kommtauch
695 3009 730 3058 im
782 2999 867 3088 ueivp'
878 3002 1046 3068 ἀδικεῖσθαι,
1063 3002 1172 3070 ελοίμην
1183 2997 1219 3054 ἂν
1229 3000 1294 3070 μᾶλ-

221 3069 291 3136 Sing.
304 3071 375 3123 nicht
387 3073 470 3124 cellen
484 3073 511 3124 in
523 3074 568 3126 der
580 3073 732 3142 Bedeutung
784 3070 832 3124 lov
849 3068 1006 3124 αὸικεῖσθαι
1023 3067 1039 3136 ἢ
1060 3065 1213 3125 tactuve
1224 3071 1292 3124 Nach

219 3153 271 3190 von
290 3136 359 3190 witz
376 3155 431 3192 vor.
737 3165 746 3186 ι
784 3140 849 3193 Gell.
868 3140 948 3193 xlta
966 3147 1039 3206 aagte
1051 3139 1170 3192 Metellus
1182 3138 1292 3192 Numidi-

254 3209 278 3258 5.
290 3209 467 3272 ut-liccret,
479 3208 503 3261 d.
514 3209 538 3262 h.
548 3209 604 3262 dass
614 3211 734 3263 niemand
784 3224 843 3260 cus:
862 3210 945 3259 Probe·
955 3211 1085 3258 iniurium
1097 3207 1208 3268 facilius
1225 3209 1293 3259 occi·

220 3273 734 3410 pepplpndenplclpteeckeuemannsicheus-
779 3281 863 3397 pieppt
879 3293 959 3341 quem
976 3277 1058 3328 alteri
1070 3276 1224 3398 thldunpffl
1262 3342 1293 3394 nd

236 3359 251 3394 u
331 3359 459 3396 na.
853 3361 1068 3396 ,sex—consu
1146 3364 1152 3395 z
1244 3361 1260 3396 u

255 3413 280 3464 6.
295 3412 351 3473 etei,
370 3411 424 3464 hier
441 3414 529 3480 partic.
548 3420 663 3480 correct,
681 3415 732 3466 wie
786 3416 921 3466 tut-tuo
940 3429 965 3464 v.
984 3412 1040 3463 Chr.

219 3479 237 3533 l.
256 3480 298 3544 42,
311 3481 353 3533 99.
538 3540 546 3563 ι
674 3549 680 3562 ⁵
821 3484 860 3535 16.
885 3483 998 3532 obruere
1015 3474 1204 3562 ‘perdunltelm’
1225 3478 1293 3530 ihren

220 3546 733 3684 cumulatae.luitulfo}
783 3546 1294 3682 llllttlltl‘l...⁸tt.ltutlt

221 3684 267 3734 43:
286 3687 316 3733 ln
334 3685 465 3735 donorum
480 3701 579 3737 more.
783 3691 844 3736 meet
853 3689 902 3736 aut
911 3701 979 3751 quae
991 3690 1064 3735 tauta
1076 3685 1172 3736 delebit
1180 3684 1294 3735 obliuio?

262 3752 285 3802 8.
309 3767 369 3802 cum
387 3780 419 3789 —
438 3754 652 3806 communicavit.
684 3756 731 3805 101
824 3759 971 3804 eutrotuum
996 3758 1096 3817 tempus
1119 3755 1224 3804 aetatis.
1264 3749 1294 3800 Er

221 3817 316 3869 cchr.
335 3819 541 3886 schlugllerine‚
559 3819 657 3873 (lamule
675 3837 732 3872 cum
784 3823 854 3872 starb
879 3821 959 3874 achon
988 3821 1022 3873 im
1050 3819 1186 3886 folgenden
1211 3819 1293 3881 Jahre,

224 3889 247 3938 5.
259 3884 326 3938 lllale
338 3885 444 3954 Konsul,
460 3889 506 3940 mit
519 3889 575 3942 dem
588 3888 733 3942 Prokonsul
783 3889 905 3943 wahreud
923 3891 1008 3942 seines
1027 3891 1050 3941 l.
1068 3888 1216 3940 llonsulats.
