2804 4474
496 231 590 286 uana
606 233 645 286 m.
664 237 705 299 aa,
716 234 809 287 eura
1148 231 1187 290 29

94 405 155 466 sive
181 423 268 484 quae
292 407 366 469 aliae
387 406 551 487 voluptates
578 406 692 468 inloto
720 405 841 467 homine
862 405 1029 486 gignuntur
1056 404 1189 482 quolibet

95 508 210 567 sensu3
236 510 300 553 nec
320 510 390 553 vero
413 491 451 552 ila
473 490 530 553 dici
552 499 659 571 potest,
680 490 789 552 mentis
809 489 947 551 laetitiam
964 489 1056 551 solam
1072 508 1137 552 esse
1157 490 1187 550 io
1211 561 1213 565 ¹

95 573 200 636 bouis.
235 575 413 638 Lactantem
430 577 508 637 enim
531 584 662 638 mentem
684 575 724 636 ita
739 575 824 649 novi,
848 593 900 656 spe
923 593 1025 635 eorum
1048 574 1189 646 omnium,

97 678 177 738 quae
195 681 296 742 supra
312 662 381 734 diri,
399 663 462 723 loro
477 671 511 722 ut
526 670 630 723 natura
646 661 681 722 iis
695 661 814 740 potiens
830 660 931 722 dolore
946 650 1062 722 careal.'
1095 661 1191 738 Atque
1214 667 1243 718 41

62 753 77 802 o
97 745 177 805 haec
195 747 324 824 quidem
341 748 387 809 his
400 747 507 822 verbis,
524 747 617 826 quivis
631 755 665 806 ut
676 745 827 823 intellegat
840 763 928 823 quam
940 745 1120 825 voluptatem
1135 764 1190 806 uo·

97 830 139 890 rit
150 829 322 911 Epicurus.
349 831 461 894 Deinde
476 831 564 911 paulo
580 831 672 892 infra:
685 822 696 849 ‘
708 830 801 909 Saepe
813 819 956 908 quaesiri'
975 829 1073 909 inquit
1084 821 1134 890 ‘ex
1146 828 1191 902 iis,
1274 893 1277 903 ,

99 914 153 993 qui
170 916 410 997 appellabantur
424 918 582 997 sapientes,
600 916 669 995 quid
684 915 839 989 baberent,
857 914 936 993 quod
953 915 983 976 iu
998 914 1087 976 bonis
1100 913 1192 976 relin-

99 1009 254 1078 querent,
271 1001 295 1062 si
311 1001 359 1062 illa
376 1001 580 1075 detraxissent,
599 1001 655 1062 nisi
671 1001 696 1062 si
710 999 820 1060 vellent
833 1017 921 1060 voees
936 999 1034 1060 inanis
1048 998 1192 1073 fundere;

101 1085 180 1145 nihil
206 1085 249 1146 ab
271 1087 308 1147 iis
328 1086 412 1166 potui
433 1104 624 1164 cognoscere.
659 1085 716 1157 Qui
732 1084 757 1145 si
771 1083 895 1144 virtutes
910 1083 1034 1145 ebullire
1048 1084 1149 1146 volent
1164 1092 1194 1145 et

52 1181 79 1230 to
101 1170 294 1248 sapientias,
316 1172 389 1233 nihil
404 1171 480 1232 aliud
497 1171 597 1231 dicent
612 1170 668 1232 nisi
684 1188 749 1231 eam
763 1168 856 1241 dam,
877 1187 935 1246 qua
956 1168 1124 1229 efficiantur
1143 1187 1193 1230 eae

101 1254 300 1334 voluptates,
322 1275 394 1336 quas
409 1274 497 1336 supra
514 1245 596 1317 dixi’
629 1255 712 1325 Quae
726 1262 894 1333 sequuntur
908 1253 939 1314 iu
955 1253 1057 1314 eadem
1072 1263 1194 1314 senten-

104 1339 146 1398 tia
164 1350 261 1415 sunt,
283 1349 423 1420 totusque
438 1341 523 1414 liber,
540 1341 590 1420 qui
605 1348 652 1401 est
665 1340 702 1400 de
716 1356 833 1400 summo
848 1339 943 1410 bono,
963 1338 1091 1398 refertus
1105 1345 1151 1398 est
1165 1347 1195 1398 et

106 1425 215 1486 verbis
233 1435 264 1487 et
278 1426 434 1488 sententiis
447 1426 564 1487 talibus.
595 1426 638 1485 dd
655 1425 783 1486 hancine
798 1423 887 1505 igilur
900 1423 989 1484 vitam
1004 1421 1196 1482 Telamonem
1218 1428 1247 1478 tl
1306 1421 1307 1427 ’

105 1509 197 1570 illum
222 1511 390 1584 revocabis,
410 1519 444 1571 ut
458 1511 535 1572 leves
550 1509 780 1588 aegritudinem,
801 1516 845 1584 et,
867 1507 891 1570 si
907 1526 995 1586 quem
1010 1513 1129 1568 luorum
1145 1506 1196 1567 ad·

58 1601 85 1652 15
105 1594 232 1656 hictum
248 1614 383 1657 maerore
398 1596 514 1670 videris,
529 1595 600 1657 huic
617 1611 832 1675 acupenserem
851 1593 1052 1673 potiusquam
1069 1592 1195 1670 aliquem

110 1679 307 1742 Socraticum
330 1680 462 1742 libellum
484 1680 580 1752 dabis,
602 1679 737 1761 hydrauli
760 1677 917 1740 hortabere
938 1688 971 1738 ut
993 1677 1092 1738 audiat
1110 1694 1198 1738 voces

110 1765 321 1844 potiusquam
335 1766 475 1837 Platonis,
492 1783 624 1845 expones
636 1782 711 1843 quae
723 1772 838 1843 spectet
848 1763 952 1823 llorida
963 1770 994 1823 et
1007 1762 1096 1835 varia,
1111 1761 1198 1823 fasci·

111 1851 222 1912 culum
245 1852 279 1911 ad
302 1850 382 1912 naris
403 1849 587 1924 admovebis,
607 1849 751 1910 incendes
772 1848 895 1920 odores,
917 1857 947 1908 et
965 1847 1053 1908 sertis
1067 1846 1199 1908 redimiri

112 1933 240 1997 iubebis
266 1944 294 1996 et
320 1933 411 1997 rosal
439 1935 469 1996 si
494 1953 563 1997 vero
590 1933 699 2013 aliquid
725 1932 812 1994 etiam
824 1965 875 2008 —,
898 1940 960 1993 tum
981 1931 1070 2012 plane
1085 1932 1198 1993 luctum

65 2021 93 2071 11
114 2038 243 2082 omnem
258 2020 440 2082 absterseris.

154 2208 181 2258 2.
199 2206 299 2270 eoum,
323 2219 390 2271 erga
414 2203 466 2256 und
484 2203 556 2257 nicht
573 2203 637 2256 auch
689 2192 808 2254 werlen’.
838 2200 874 2253 So
887 2199 918 2253 de
935 2199 980 2253 fin.
993 2199 1024 2256 V.
1037 2204 1078 2267 27,
1091 2204 1135 2256 80:
1153 2203 1203 2253 Di-

118 2271 163 2325 die
188 2272 352 2338 kdrperllehe
373 2273 448 2334 Luet;
472 2289 571 2323 eeee=
588 2287 639 2323 uu-
689 2270 914 2335 aeritllpe'eurue,
922 2285 1025 2335 seraper
1034 2272 1139 2322 beatum
1149 2287 1202 2322 eeee

118 2341 281 2392 merendum
298 2357 359 2392 eeee.
689 2340 895 2404 sapientum-
914 2338 987 2403 quod
1007 2340 1113 2404 quidem
1135 2340 1204 2390 eolel

157 2411 182 2462 3.
202 2407 254 2459 Ilas
274 2406 489 2474 restringierende
510 2410 550 2459 lta
573 2404 639 2460 nach
691 2407 802 2457 ebullire
818 2421 873 2456 unu
891 2421 1044 2471 numquam.

123 2477 269 2528 laetantem
293 2476 370 2527 meist
389 2476 435 2529 aul
450 2476 496 2528 das
514 2476 577 2541 lolg.
594 2491 641 2542 epe
728 2477 767 2527 12.
786 2479 917 2540 totusque,
935 2474 985 2525 wie
1003 2473 1021 2526 l.
1044 2477 1084 2540 34,
1109 2477 1142 2529 82
1160 2475 1204 2525 ab·

123 2544 641 2664 rruauaauumuau
692 2540 1204 2675 aeraeutriculano

124 2678 298 2731 Definitionen
316 2696 337 2732 s.
350 2695 381 2731 zu
395 2683 419 2743 5,
433 2683 477 2732 tl:
495 2680 644 2730 ulcieeende'
730 2646 1070 2744 15.’aeupemerem‚'tleme
1080 2649 1152 2729 cinei
1163 2679 1205 2729 bei

125 2748 219 2798 tilido.
691 2744 741 2796 den
760 2745 870 2798 bomem
894 2746 920 2799 ia
942 2745 1057 2798 ludheren
1073 2743 1129 2796 Zeit
1147 2746 1206 2796 sehr

159 2818 184 2867 4.
198 2813 259 2875 fore
273 2820 442 2865 eet-eareat
458 2813 640 2866 echlielstsich
693 2813 858 2878 geschiteten
885 2812 1042 2873 Seelieches3
1074 2813 1206 2865 vielleicht

125 2899 160 2934 an
177 2897 224 2950 epe
240 2897 285 2946 en,
306 2883 341 2934 ist
358 2882 414 2934 eleo
432 2882 473 2934 die
491 2882 641 2948 Epexegeee
692 2879 738 2932 der
755 2880 823 2932 Stor.
1084 2907 1088 2916 ·

125 2966 178 3003 von
197 2965 290 3000 eonem
307 2953 426 3001 emulum
439 2955 488 3006 cet.
729 2951 769 3001 16.
794 2948 930 3016 hydrauli.
965 2946 1011 2999 llie
1029 2945 1206 3013 Wasserorgel

169 3022 193 3072 5.
217 3020 293 3069 nortl
309 3042 343 3062 =
365 3019 514 3085 intellegat.
550 3017 586 3070 So
610 3018 642 3069 de
692 3016 782 3068 wurde
799 3031 850 3067 von
870 3016 928 3067 dena
944 3014 1110 3067 blecbanilrer
1127 3015 1209 3067 Ctesi·

124 3085 172 3139 fin.
182 3085 210 3137 ll.
221 3087 245 3147 3,
256 3087 284 3138 8:
297 3087 385 3136 uerbis
397 3089 439 3138 hle
450 3087 560 3138 eundem
572 3091 644 3137 certe
692 3084 751 3136 bins
763 3098 809 3136 aue
822 3082 974 3136 Alexandria
987 3099 1029 3135 um
1046 3086 1094 3138 tto
1112 3100 1137 3135 v.
1150 3083 1208 3136 Chr.

128 3157 184 3205 uim
217 3154 362 3219 uoluptatis
388 3155 538 3222 Epicurum
566 3171 642 3205 noeee
694 3150 817 3204 erlunden
840 3151 892 3204 uod
915 3167 966 3204 von
984 3153 1081 3204 seinem
1100 3150 1208 3204 Schdler

128 3237 210 3289 quium
229 3227 336 3273 eeteroe.
601 3257 603 3262 ·
694 3219 779 3272 lleron
797 3219 974 3272 beschrieben.

163 3292 188 3343 8.
206 3305 282 3342 ooeee
298 3293 389 3340 lnane'e
408 3289 531 3354 fundere,
549 3290 644 3357 griech.
732 3291 772 3340 tl.
789 3286 950 3349 fasciculum
968 3302 1004 3340 sc
1021 3290 1128 3351 florum.

129 3354 195 3408 κενὰ
212 3357 404 3428 φθόγγεσθαις
421 3357 452 3412 V.
466 3361 507 3422 26,
521 3363 567 3412 la:
585 3363 644 3410 ἐπα·
731 3358 770 3409 18.
789 3356 884 3407 odores
902 3356 1019 3422 (allectus
1037 3373 1062 3423 p.
1075 3357 1162 3420 eausa)
1176 3375 1210 3398 ε

128 3429 172 3476 nie
195 3441 274 3476 eonoe
290 3423 417 3486 fundere3
444 3426 476 3478 de
494 3426 537 3478 lio.
556 3426 584 3479 ll.
605 3432 644 3481 15.
695 3422 859 3488 suffimenta,
877 3425 927 3476 wie
940 3423 971 3476 V.
989 3426 1032 3489 21,
1049 3425 1094 3482 62;
1113 3427 1139 3473 et
1155 3439 1211 3473 eer-

129 3495 177 3546 48:
203 3508 265 3544 uoee
286 3496 365 3544 inune·
382 3510 492 3554 eouore;
515 3495 547 3545 de
571 3511 608 3547 or.
626 3497 644 3547 l.
696 3495 731 3542 tle
748 3520 782 3531 -
798 3508 861 3543 roeo
880 3492 980 3544 seheint
997 3491 1037 3542 ein
1054 3489 1211 3554 jembiecher

132 3562 173 3625 12,
192 3564 237 3614 51:
258 3564 399 3612 verborum
423 3563 464 3612 uel
481 3565 644 3629 optimorum
697 3559 777 3611 Senar
794 3576 826 3610 zu
844 3560 908 3611 sein.

128 3655 164 3666 -
181 3631 285 3679 eunitae
301 3631 401 3680 inania.
729 3631 769 3681 19.
779 3630 805 3678 ee*
816 3643 879 3678 uero
891 3627 997 3693 aliquid
1006 3627 1086 3675 elium
1094 3651 1136 3687 -,
1144 3624 1213 3692 Apo·

165 3698 190 3748 9.
203 3700 317 3748 uirtutes
335 3697 447 3747 ebullire
461 3701 486 3746 et
497 3701 644 3763 euplenle'ae
695 3696 813 3764 siopesis,
830 3696 855 3746 io
875 3695 962 3760 Beaug
979 3693 1025 3745 aul
1040 3692 1082 3744 die
1099 3687 1213 3763 ἀφροδί-

126 3755 188 3815 ‘den
201 3763 279 3815 hlund
292 3763 456 3816 vollnehmen
473 3764 644 3818 mitlledens·
696 3781 743 3815 σια
760 3764 822 3828 (egl.
841 3764 856 3826 5
874 3765 931 3826 41);
950 3763 991 3825 20,
1003 3763 1036 3814 te
1053 3760 1121 3812 steht
1139 3762 1213 3813 dalur

131 3836 203 3882 arten
227 3846 279 3883 von
303 3830 412 3898 'legend
435 3831 486 3884 und
507 3829 643 3886 Weisheil’
697 3830 1027 3898 eorpommeompleoeum.
1051 3826 1099 3880 blit
1114 3832 1214 3882 adeler-

133 3897 195 3951 oder
208 3891 269 3950 ‘mit
285 3897 459 3951 Redensarten
477 3927 512 3938 -
529 3915 572 3952 una
590 3901 646 3952 sich
696 3903 766 3950 serie
782 3899 835 3964 vgl.
853 3898 871 3950 l.
886 3901 925 3962 13,
943 3899 990 3950 30:
1007 3896 1157 3950 eeeetulerie.
