2822 4462
503 227 596 281 ldBER
613 228 631 281 l.
651 231 691 294 18,
710 233 752 283 tt.
773 233 813 295 19,
832 235 874 286 te.
1189 234 1230 291 55

142 398 252 478 quibus
278 400 380 461 omnia
403 409 540 461 constare
563 400 713 476 dicuntur,
736 420 772 463 er
786 401 966 462 inflammata
990 404 1087 466 anima
1103 417 1230 481 constat,

144 496 176 546 ut
197 485 391 564 potissimum
406 485 498 546 videri
511 484 597 546 video
612 485 939 567 Panaetio,‚snperiora
958 500 1091 567 capessat
1107 509 1230 554 necesse

147 579 199 632 est
230 570 313 632 Nihil
328 571 408 632 enim
424 569 537 632 babent
551 571 624 632 haec
640 571 699 633 duo
715 590 824 651 genera
840 573 929 652 proni
945 581 975 634 et
988 593 1097 654 supera
1113 595 1231 656 semper

148 664 265 735 petunt.
298 655 351 730 lta,
374 655 434 717 sive
449 655 639 736 dissipantur,
655 657 761 736 procul
776 675 791 718 a
806 657 894 720 terris
909 658 939 719 id
955 660 1062 735 evenit,
1085 661 1145 722 sive
1160 681 1229 742 per-

110 748 123 796 5
146 749 270 802 manent
293 750 323 803 et
346 749 525 802 conservant
538 741 674 803 habitum
689 761 786 818 suum,
809 742 867 804 boc
889 744 974 804 etiam
999 745 1091 825 magis
1107 765 1230 808 necesse

146 835 192 887 est
206 828 345 887 serantur
356 826 391 887 ad
408 827 520 888 caelum
537 836 567 888 et
581 827 617 887 ab
633 827 670 888 iis
685 836 896 908 perrumpatur
911 837 941 890 et
954 828 1100 893 dividatur
1112 850 1230 894 crassus
1253 829 1277 938 l

146 911 194 972 bic
210 921 240 972 et
255 921 416 973 concretus
431 921 490 987 aer,
507 912 557 990 qui
574 919 618 974 cst
633 922 729 973 terrae
745 912 909 993 proximus.
941 913 1069 976 Calidior
1088 897 1228 978 estbbim

146 995 189 1058 vel
205 996 308 1076 potius
323 997 476 1059 ardentior
496 997 613 1060 animus
635 1015 724 1076 quam
740 1008 785 1059 est
799 997 848 1059 bic
870 1008 929 1074 atr,
953 1018 1042 1078 quem
1065 1002 1153 1063 modo
1169 1001 1228 1064 dixi

146 1099 280 1143 crassum
295 1091 385 1162 atque
400 1093 584 1158 concretum,
608 1083 688 1161 quod
704 1101 740 1144 ex
756 1102 791 1144 eo
807 1083 877 1144 sciri
891 1093 999 1164 potest,
1016 1087 1084 1165 quia
1099 1105 1227 1167 corpora

98 1184 123 1232 10
146 1175 257 1312 nolstra,
273 1177 396 1229 terreno
412 1168 631 1248 principiorum
643 1185 754 1248 genere
767 1169 912 1244 conlecta,
928 1169 1034 1231 ardore
1047 1171 1138 1233 animi
1154 1191 1228 1234 con-

143 1269 176 1312 ca
188 1264 306 1314 escunt

227 1337 359 1411 Accedit,
383 1345 473 1398 uteo
496 1335 611 1398 facilius
634 1337 750 1399 animus
773 1338 875 1398 evadat
896 1357 932 1399 ex
954 1339 1013 1400 hoc
1035 1349 1113 1415 aere,
1137 1360 1226 1420 quem
1235 1350 1274 1405 1t

141 1441 231 1503 saepe
253 1423 313 1484 iam
336 1421 466 1502 appello,
490 1440 618 1501 eumque
640 1433 830 1502 perrumpat,
860 1424 939 1502 quod
964 1423 1036 1485 nibil
1060 1435 1105 1487 est
1126 1426 1226 1489 animo
1248 1439 1278 1489 43

141 1508 289 1584 velocius,
319 1507 400 1569 nulla
423 1516 469 1568 est
489 1507 625 1568 celeritas
648 1526 723 1587 quae
752 1508 847 1586 possit
868 1527 937 1570 cum
960 1509 1049 1571 animi
1073 1511 1224 1574 celeritate

93 1609 121 1658 15
143 1593 336 1655 contendere.
363 1591 420 1664 Qui
434 1592 459 1654 si
475 1601 630 1672 permanet
644 1593 837 1674 incorruptus
851 1594 958 1673 suique
972 1594 1086 1670 similis,
1103 1615 1226 1660 necesse

144 1689 189 1740 est
203 1679 244 1740 ita
259 1680 381 1753 seratur,
404 1687 437 1738 ut
458 1685 596 1757 penetret
611 1689 640 1739 et
655 1677 763 1739 dividat
778 1698 867 1740 omne
890 1679 1004 1741 caelum
1025 1680 1094 1756 boc,
1116 1682 1147 1742 in
1165 1701 1224 1762 quo

142 1763 248 1836 nubes,
263 1763 375 1825 imbres
395 1763 537 1841 ventique
560 1771 719 1842 coguntur,
743 1764 823 1842 quod
839 1773 869 1824 et
886 1764 1018 1826 umidum
1037 1775 1067 1826 et
1082 1766 1224 1847 caligino-

141 1868 206 1910 sum
223 1859 270 1910 est
284 1857 408 1928 propter
423 1847 624 1910 exhalationes
646 1856 752 1909 terrae.
789 1847 884 1919 Quam
907 1849 1061 1928 regionem
1083 1869 1152 1912 cum
1174 1871 1225 1913 su-

141 1929 254 2013 peravit
284 1934 401 1995 animus
429 1942 625 2011 naturamque
638 1933 691 1996 sni
714 1932 840 1994 similem
862 1933 988 2013 contigit
1017 1943 1046 1994 et
1075 1935 1224 2014 adgnovit,

91 2035 119 2084 to
142 2020 251 2081 iunctis
267 2037 304 2080 ex
326 2018 423 2079 anima
445 2018 529 2079 tenui
551 2027 581 2078 et
604 2038 640 2080 ex
655 2018 760 2080 ardore
776 2017 847 2080 solis
861 2015 1025 2098 temperato
1041 2020 1162 2099 ignibus
1177 2022 1224 2082 in-

142 2105 217 2166 sistit
239 2113 270 2165 et
291 2106 380 2165 linem
403 2103 490 2165 altius
512 2123 544 2165 se
567 2103 710 2166 efferendi
731 2103 811 2165 lacit.
842 2103 918 2164 Tum
941 2105 1020 2165 enim
1036 2106 1082 2167 sui
1097 2105 1223 2169 similem

177 2277 199 2324 l.
217 2274 386 2335 trellammuta
399 2273 504 2325 aalma:
518 2270 655 2325 desupert-
707 2271 762 2324 sich
779 2271 805 2322 in
824 2271 866 2324 die
888 2272 928 2323 ihr
946 2272 1091 2340 nddqnnten
1112 2272 1224 2326 bimmli·

141 2360 179 2394 aa
197 2336 339 2409 uvpoeedte
356 2339 400 2391 der
424 2338 535 2391 Stoiker.
707 2340 785 2391 seben
803 2337 900 2392 Rdume
919 2341 1145 2407 emporecbwingt.

175 2411 199 2461 2.
222 2410 367 2460 Panaetius
391 2422 441 2460 rou
465 2405 584 2473 Rhodus,
610 2408 656 2460 der
743 2410 782 2461 16.
806 2424 882 2459 omne
904 2408 1006 2460 coelum
1028 2411 1078 2460 boe
1099 2414 1162 2461 cet·
1182 2409 1224 2462 die

141 2475 655 2623 :ttt‘tttttrttttlttttlttt
707 2473 971 2609 llbfilllltub?
988 2477 1224 2611 ulgllttlllut.

140 2612 294 2666 undLehrer
306 2612 489 2678 destngeren
502 2612 589 2680 Scipio
603 2611 655 2664 und
708 2616 761 2663 tete
779 2627 806 2664 es
826 2611 842 2678 ξ
859 2614 892 2664 tt
915 2613 950 2664 im
969 2611 1112 2678 Gegenseta
1130 2629 1162 2665 nn
1174 2617 1225 2664 atr

141 2681 373 2747 desLdliusfflurcb
383 2680 523 2733 seiuWerlr
532 2685 596 2749 περὶ
605 2687 657 2732 τοῦ
708 2678 756 2747 dep
774 2678 888 2730 biberen
906 2679 1045 2732 Lnltruum.

140 2749 316 2816 καθήκοντος
350 2750 452 2801 Ciceros
483 2747 654 2816 Hnuptquelle
742 2751 783 2801 19.
802 2747 941 2812 adgnovit,
958 2746 1011 2810 vgl.
1030 2749 1054 2809 8,
1073 2749 1113 2798 15.

140 2817 180 2870 idr
198 2819 270 2870 scine
289 2816 414 2883 electen).
741 2817 782 2867 20.
800 2814 1067 2877 iunctis-ignibus
1097 2812 1122 2865 d.
1136 2813 1161 2864 h.
1178 2813 1223 2865 aul

175 2889 199 2940 3.
218 2887 283 2936 baec
307 2886 360 2937 duo
376 2901 492 2951 genera,
517 2883 545 2934 iu
567 2883 655 2949 Bezug
707 2880 907 2935 denGestirnen.
934 2851 1221 2934 Denndiedeelelmnn

139 2955 184 3006 aul
201 2956 369 3016 inflammato
387 2957 492 3004 anima:
509 2951 655 3004 Fenernnd
707 2950 762 3002 sicb
786 2949 850 3001 nach
875 2948 919 3002 der
942 2949 1021 3001 Lebre
1046 2949 1091 3002 der
1118 2949 1223 3003 Stoilrer

139 3023 205 3074 butt
705 3021 828 3083 vermbge
856 3017 924 3070 ihrer
944 3017 1023 3070 Natnr
1050 3034 1096 3070 nur
1127 3019 1167 3071 bis
1189 3035 1221 3072 nn

173 3093 197 3142 4.
209 3092 265 3141 siue
277 3089 454 3154 dissipantur.
481 3088 572 3155 Eiuige
585 3086 655 3140 Stoi·
707 3085 752 3139 der
765 3085 862 3138 Grenne
875 3085 920 3138 des
929 3086 1038 3138 Aethera
1050 3086 1103 3138 und
1115 3086 1160 3138 der
1173 3087 1220 3139 rei-

138 3157 193 3221 lter,
212 3157 368 3210 nementlicb
386 3155 521 3220 Prudtius,
540 3157 655 3208 meinten
707 3169 786 3207 neren
797 3154 856 3206 Lnlt
871 3155 975 3222 (anima
989 3157 1088 3220 tenuis)
1101 3155 1221 3220 mirobeo,

139 3226 259 3291 nemeen,
276 3225 332 3278 dels
345 3225 400 3276 sich
414 3224 558 3277 dieSeeleu
575 3224 655 3277 kurne
706 3239 739 3275 an
760 3223 870 3275 welcher
893 3223 947 3275 sicb
972 3222 1013 3274 die
1037 3222 1154 3276 Gestirne
1177 3223 1220 3276 be·

139 3294 196 3346 Zeit
214 3295 280 3346 uaclr
298 3293 357 3345 dem
376 3290 447 3345 Tode
460 3293 654 3359 verfldcbtigen,
706 3290 801 3358 finden,
819 3291 940 3343 wibreud
959 3291 1001 3343 die
1019 3289 1120 3356 Souna,
1143 3291 1219 3344 deren

139 3361 246 3427 andere,
265 3361 321 3413 dele
343 3361 399 3413 sich
417 3361 476 3426 alle,
494 3360 590 3412 wieder
608 3376 654 3412 un·
706 3359 786 3412 Nutur
804 3358 845 3412 die
857 3359 946 3412 thter
965 3358 1053 3426 teilen,
1072 3359 1137 3410 noch
1157 3359 1221 3411 tiber

138 3429 208 3495 dere,
227 3429 282 3481 dela
300 3429 355 3481 sich
374 3445 421 3481 nur
439 3427 480 3481 die
492 3429 537 3480 der
549 3427 653 3481 Weisen
705 3426 839 3480 darselben
870 3428 999 3492 schwebt,
1029 3426 1144 3478 wesbulb
1174 3440 1220 3476 nnn

139 3505 191 3550 eret
203 3500 230 3549 in
240 3499 298 3550 dem
308 3497 478 3562 allgemeinen
489 3497 653 3549 Weltbrendc
706 3497 747 3548 ein
765 3501 928 3561 tmperaret
952 3495 1036 3546 ardor
1059 3494 1124 3545 eolis
1142 3492 1218 3544 dabie

138 3569 309 3636 (ἐκπύρωσις)
327 3565 457 3618 eulldsen.
705 3565 816 3631 gelangt.

173 3637 214 3688 tt.
243 3635 357 3686 Accedit
385 3635 458 3699 quod
473 3663 507 3671 -
525 3634 654 3685 uelocius:
739 3634 781 3684 21.
799 3631 1008 3694 mitesceret)
1026 3628 1219 3694 efferendivgl.

138 3703 294 3755 tntserdem
307 3700 651 3768 leurig-lultnrtigenWesen
705 3699 772 3752 Pnit
784 3699 825 3751 lli.
837 3701 863 3764 3,
881 3700 909 3750 6:
928 3697 1019 3748 multis
1036 3697 1079 3747 illi
1096 3699 1125 3747 tn
1145 3698 1219 3748 urbi-

138 3771 184 3822 der
196 3769 273 3823 Seele
286 3770 383 3836 spricbt
400 3770 466 3822 euch
478 3771 533 3821 ibre
546 3767 652 3821 Sebnel-
704 3771 765 3829 bus,
783 3770 838 3818 iter
856 3783 908 3832 pua
925 3763 1058 3828 factabat,
1080 3763 1221 3829 reficiendi

137 3839 231 3903 liglreit
249 3838 336 3902 detur,
361 3837 417 3890 dala
443 3839 481 3890 sie
503 3837 587 3890 sicher
609 3837 651 3888 die
704 3840 767 3886 teet
780 3836 895 3886 curanda·
903 3838 1021 3899 potestne
1032 3831 1100 3894 sur't3
1114 3833 1145 3884 ad
1159 3833 1218 3882 lem.

136 3905 653 3974 irutsoheAunosphtreneerwindetunt
704 3903 736 3956 ll.
755 3905 795 3968 33,
814 3905 842 3954 5:
862 3918 920 3954 oum
942 3902 1014 3953 nibil
1034 3903 1071 3952 sit
1083 3897 1218 3968 periculo-
