2800 4476
563 838 678 901 LIBER
701 837 877 911 QUINTUS.

210 969 382 1023 vrnrurnu
398 971 442 1024 AD
461 971 569 1024 ΒΕΑΊἘ
587 971 761 1024 VIVENDUM
779 971 818 1024 SE
836 970 911 1024 usn
929 971 1009 1025 ESSE
1028 971 1242 1026 CONTENTAM.

145 1183 163 1237 1
270 1194 399 1265 Quintus
413 1195 462 1256 hic
478 1193 554 1269 dies,
572 1195 679 1268 Brute,
701 1196 791 1256 finem
806 1194 894 1256 faciet
908 1193 1142 1257 Tusculanarum
1158 1197 1262 1276 dispu-

148 1262 163 1313 Ῑ
185 1280 347 1355 tatianum,
369 1299 428 1360 quo
450 1280 496 1341 die
518 1289 562 1342 eet
583 1300 600 1341 a
624 1279 711 1342 nobis
733 1298 765 1341 ea
788 1280 824 1340 de
839 1297 888 1351 re,
912 1297 999 1357 quem
1014 1290 1046 1342 tu
1069 1301 1105 1342 ex
1120 1282 1262 1344 omnibus

185 1365 311 1426 maxime
326 1365 445 1444 probas,
460 1365 650 1445 disputatum.
676 1366 796 1426 Placere
808 1365 888 1426 eninr
899 1365 952 1425 tihi
963 1365 1120 1428 admodum
1136 1369 1216 1428 sensi
1233 1377 1263 1428 et

186 1469 222 1510 cx
237 1468 272 1510 eo
287 1449 380 1525 libro,
403 1468 492 1530 quern
513 1451 549 1512 ad
570 1469 617 1511 me
639 1449 856 1512 accuratissime
877 1449 1034 1529 scripsisti,
1058 1460 1087 1514 et
1108 1471 1144 1512 ex
1159 1453 1262 1513 multis

186 1534 373 1597 sermonibus
388 1536 446 1597 tuis
466 1536 606 1597 virtutem
627 1536 662 1596 ad
677 1534 761 1596 beate
783 1535 940 1596 vivendum
961 1553 993 1596 se
1014 1535 1077 1616 ipsa
1100 1555 1164 1598 esse
1187 1555 1262 1598 con·
1284 1550 1298 1599 5
1391 1521 1392 1596 l

185 1628 307 1680 tentam.
338 1620 425 1692 Quod
439 1621 495 1682 etsi
510 1620 628 1682 difficile
644 1628 688 1682 est
707 1620 834 1701 probatu
850 1627 974 1699 propter
987 1629 1046 1682 tam
1061 1623 1141 1682 varia
1157 1630 1262 1683 ettam

185 1704 278 1765 multa
291 1713 439 1766 tormenta
450 1707 597 1779 fortunae,
612 1705 670 1766 tale
683 1713 783 1766 tamen
795 1713 848 1779 est,
863 1713 897 1766 ut
911 1705 1121 1768 elaborandum
1136 1707 1184 1781 sit,
1202 1726 1263 1786 quo

186 1789 299 1851 facilius
313 1790 472 1870 probetur3
495 1791 569 1852 nihil
592 1799 637 1852 est
657 1791 737 1852 enirn
753 1790 900 1863 omnium,
922 1808 998 1868 quae
1021 1792 1053 1852 in
1074 1788 1264 1872 philosophia

149 1889 165 1940 2
185 1883 365 1950 tractantur,
387 1877 467 1954 quod
487 1877 603 1956 gravius
622 1875 919 1955 magnificentiusque
940 1875 1062 1937 dicatur.
1097 1876 1172 1938 Nam
1192 1895 1261 1938 cum

187 1978 220 2021 ea
242 1979 328 2022 causa
349 1961 500 2040 impulerit
521 1981 588 2036 eos,
615 1961 666 2040 qni
687 1961 776 2040 primi
795 1979 826 2022 se
847 1961 883 2020 ad
904 1959 1109 2041 philosophiae
1130 1962 1263 2024 studium
1285 1973 1314 2024 10

186 2045 392 2119 contulerunt,
415 2055 449 2106 ut
469 2045 609 2108 omnihus
630 2045 720 2108 rebus
741 2045 915 2126 posthabitis
935 2054 1013 2108 totos
1036 2065 1067 2108 se
1088 2046 1119 2107 in
1136 2056 1262 2126 optumo

185 2129 259 2191 vitae
278 2139 355 2191 statu
371 2130 553 2208 exquirendo
575 2131 782 2204 conlocarent‚
805 2131 940 2209 proiecto
962 2150 1014 2211 spe
1036 2130 1121 2193 beate
1144 2131 1262 2193 vivendi

185 2221 297 2275 tantam
316 2215 347 2275 in
363 2233 397 2275 eo
413 2215 510 2276 studio
521 2233 623 2277 curam
639 2234 819 2294 operamque
834 2224 1009 2294 posuerunt.
1036 2215 1158 2288 Quodsi
1174 2217 1211 2277 ab
1227 2217 1263 2279 iis

221 2385 243 2433 1.
262 2378 378 2443 Quintus
395 2381 439 2430 lcic
450 2380 515 2432 dies.
539 2373 612 2433 ‘llies
624 2381 696 2435 Buch
781 2383 872 2434 multis
889 2385 1055 2434 sermonibus
1072 2387 1134 2448 tuis,
1155 2399 1176 2436 s.
1187 2383 1206 2437 i.
1220 2386 1262 2450 46,

185 2447 220 2499 ist
244 2446 286 2498 bei
304 2448 407 2500 weitem
431 2447 476 2500 das
495 2449 631 2512 scitante,
655 2465 697 2502 so·
750 2453 796 2504 111
816 2467 848 2502 zu
867 2451 919 2502 duo
936 2467 999 2502 suos
1014 2451 1094 2513 filios.

185 2514 256 2566 wohl
275 2530 329 2567 was
347 2514 388 2568 die
401 2516 512 2581 Sachen,
530 2517 567 2568 ele
581 2532 637 2570 was
654 2516 697 2570 die
783 2520 805 2570 8.
824 2519 896 2570 nihii
913 2524 952 2569 est
969 2535 991 2570 e.
1004 2533 1037 2582 e.‚
1054 2547 1088 2556 -
1106 2520 1179 2584 quod
1192 2535 1261 2582 gra-

184 2582 349 2650 Darstellnng
370 2583 478 2646 betriilt;
502 2600 530 2638 es
549 2585 649 2638 scheint
667 2601 696 2638 so
748 2588 807 2636 cias
818 2586 1089 2652 magnificentiusque
1106 2587 1215 2646 dicatur
1227 2609 1261 2630 =

101 2679 103 2684 .
187 2652 214 2703 in
236 2652 318 2704 einem
342 2651 411 2720 Zuge
435 2653 507 2705 recht
530 2669 580 2705 con
606 2669 697 2705 amere
747 2655 819 2706 nihii
834 2659 874 2704 eet
889 2672 911 2706 c.
924 2670 947 2708 o.
960 2657 1260 2721 -graoiusetntagn

186 2713 368 2786 geschrieben'.
387 2721 414 2772 F.
427 2721 458 2773 Α.
469 2721 546 2774 Woll.
748 2723 821 2787 quod
829 2723 945 2787 dicatur,
954 2722 1007 2789 vgl.
1020 2725 1044 2787 7,
1055 2726 1098 2775 19:
1110 2722 1178 2774 (lane
1190 2727 1260 2774 enim

218 2789 299 2851 finem
311 2788 396 2851 faciet
412 2789 494 2842 mitd.
508 2789 606 2855 Genet‚
627 2790 694 2844 elil.
744 2793 888 2855 patescet
922 2790 957 2841 lm
980 2790 1118 2874 folgenden
1136 2791 1201 2842 wind
1229 2807 1261 2842 co

186 2857 228 2922 22,
241 2860 274 2910 54
286 2872 317 2908 cu
335 2858 497 2909 calamitatis
512 2863 669 2924 praecentis.
748 2874 828 2909 causa
847 2850 915 2910 ‘dies
939 2857 1020 2910 Motiv
1058 2859 1154 2910 seinem
1176 2859 1260 2910 lnhalt

220 2927 244 2976 4.
268 2941 303 2975 en
323 2942 353 2976 co
371 2926 452 2991 libro,
475 2941 510 2978 sc.
534 2927 566 2978 de
590 2929 696 2980 Virtute
747 2927 811 2977 nach
839 2925 917 2978 niher
943 2927 1074 2978 bestimmt
1101 2926 1181 2978 durch
1209 2927 1259 2979 den

185 2993 216 3056 (s.
234 2990 267 3043 de
279 2991 323 3045 fin.
335 2993 352 3044 l.
371 2993 396 3055 3,
415 2995 448 3058 8).
483 2993 578 3047 Brutus
599 2994 696 3047 schlols
747 2992 886 3060 allerdings
903 3008 955 3046 von
976 2994 1114 3060 impulerit
1130 2994 1260 3061 abhingig

185 3059 241 3110 sich
265 3058 310 3111 der
334 3060 403 3112 alten
423 3059 578 3127 Akadernie‚
601 3063 628 3115 in
651 3061 697 3114 der
747 3062 898 3127 gemachten
912 3059 973 3113 Satn
990 3067 1065 3113 ut-
1079 3063 1261 3127 conlocarant,

185 3125 268 3178 Metal
280 3127 341 3179 aber
352 3127 397 3179 der
407 3127 468 3180 Stoa
482 3144 522 3195 en,
533 3129 587 3182 und
596 3129 696 3183 schrieb
748 3129 870 3181 wihrend
893 3129 938 3181 der
959 3129 1259 3182 Gedanhenzusemmen·

186 3194 252 3246 anch
270 3195 303 3246 de
320 3193 421 3258 officiis
438 3196 489 3248 nnd
508 3198 540 3249 de
555 3200 698 3264 patientia.
749 3197 818 3263 hang
843 3197 968 3249 vielmehr
993 3199 1034 3250 die
1056 3196 1194 3265 Wendung
1221 3214 1258 3250 er·

186 3262 292 3324 Quintil.
309 3261 341 3328 X,
360 3265 383 3328 1,
401 3266 464 3317 123:
481 3265 618 3332 Egregius
634 3282 697 3320 nera
748 3270 846 3317 werten
860 3265 932 3317 liele:
952 3280 1012 3317 curn
1029 3283 1060 3317 ea
1078 3281 1169 3331 causa,
1188 3267 1259 3331 quod

183 3331 359 3398 philosophus
367 3333 698 3400 multopuequaminera-
748 3335 877 3399 optimum
900 3335 973 3384 uitae
995 3339 1095 3386 statum
1115 3337 1259 3400 anquirere

186 3401 305 3451 tionibus
322 3403 507 3466 praestantior
524 3403 624 3454 Brutus
640 3400 699 3463 suf·
747 3401 896 3465 coluerunt,
916 3418 968 3468 eos,
987 3405 1034 3467 qui
1050 3405 1135 3467 primi
1151 3432 1182 3440 —
1197 3418 1258 3453 con-

186 3467 252 3529 fecit
268 3468 387 3534 ponderi
409 3484 515 3534 rerum
540 3473 611 3522 sciar
639 3485 698 3522 eum
748 3471 875 3532 tulerunt,
892 3471 929 3521 ad
939 3469 1150 3535 amplectendum
1162 3471 1257 3521 idatu-

185 3539 293 3602 rentirc,
312 3552 380 3603 puae
399 3536 474 3589 dicit.
747 3538 821 3588 dium
846 3537 993 3604 impulerit.
1027 3537 1073 3589 llie
1096 3536 1186 3590 Warte
1212 3553 1257 3603 spe

220 3620 297 3668 quern
314 3605 351 3656 ad
366 3621 408 3655 rae
421 3607 619 3656 accuratissime
630 3608 697 3656 scri-
748 3606 821 3656 beate
837 3606 946 3656 uiuendi
960 3604 1088 3658 bedenten
1100 3621 1128 3658 sc
1141 3606 1194 3658 viel
1207 3605 1255 3657 ale:

184 3673 262 3737 peisti
272 3697 307 3718 =
318 3688 396 3739 quern
414 3675 613 3724 ueneratissime
630 3676 696 3724 rcri-
745 3689 790 3740 spe
799 3689 853 3724 nen
863 3672 969 3735 frustra
981 3690 1008 3724 se
1020 3689 1128 3740 operam
1138 3674 1258 3738 daenes,

182 3742 261 3804 ptum
279 3741 315 3790 ad
331 3755 372 3790 me
389 3743 494 3792 misisti.
512 3738 570 3807 Vgl.
584 3740 652 3793 Lael.
673 3745 697 3807 1,
746 3742 793 3792 sed
809 3742 920 3806 adsequi
944 3745 1073 3809 optimum
1089 3742 1168 3792 illum
1186 3745 1258 3792 uitae

187 3808 216 3857 t:
234 3809 265 3856 in
283 3807 381 3859 Catone
393 3807 505 3874 Maiore,
523 3811 570 3875 qui
582 3813 621 3860 esi
631 3813 696 3861 scri·
746 3813 847 3861 statam
863 3809 890 3872 (i.
904 3824 926 3861 e.
945 3812 1048 3861 beatam
1061 3811 1156 3874 eitam)
1169 3825 1258 3876 perse,

182 3878 248 3940 ptus
259 3874 296 3925 ad
312 3880 336 3926 te
354 3877 386 3927 de
403 3880 544 3932 senectute.
747 3877 800 3931 und
817 3877 858 3929 die
872 3876 952 3930 durch
963 3877 1034 3930 Nam
1052 3877 1197 3944 eigeleitete
1209 3876 1257 3929 Be·
