2822 4462
498 196 593 250 uero
610 198 629 252 ι.
648 200 673 264 o,
693 199 733 254 tt.
753 201 793 253 oa.
814 203 838 252 r.
1167 195 1207 256 33

128 390 184 450 que
200 370 339 445 miseros,
361 371 411 448 qui
432 370 487 431 hac
508 371 574 432 luce
600 379 729 433 careant.
762 370 804 432 M.
821 371 990 434 Revolveris
1006 371 1127 448 eodem;
1150 371 1211 434 sint

127 457 207 518 enim
223 463 354 536 oportet,
377 455 401 516 si
422 456 523 518 miseri
538 465 625 518 suot:
646 465 680 519 tu
701 465 800 518 autem
818 457 907 518 modo
924 456 1053 538 negabas
1069 476 1119 519 eos
1134 476 1210 532 osse,

128 542 177 620 qui
200 541 312 602 mortui
334 549 443 604 essent.
480 541 510 603 Si
530 541 621 622 igitur
643 560 705 603 non
729 550 809 616 sunt,
832 542 906 603 nihil
926 551 1054 623 possunt
1068 561 1146 604 esse:
1170 544 1208 605 ita

128 646 166 687 ne
188 627 291 688 miseri
313 626 431 706 quidem
453 635 533 688 sunt.
562 627 596 689 Α.
612 626 680 689 Non
703 627 769 689 dico
785 629 909 690 fortasse
932 628 1019 690 etiam
1037 627 1117 706 quod
1140 646 1208 691 scn-

94 711 186 786 otio;
210 729 280 772 nam
302 711 379 773 istuc
401 712 498 792 ipsum
515 731 577 775 non
600 731 674 785 esse,
698 731 765 774 oum
786 713 887 786 tueris,
910 714 1110 775 miserrimum
1126 722 1208 793 puto.

128 797 169 858 Μ.
185 794 288 868 Quid?
303 797 439 858 miserius
455 815 542 877 quam
559 798 683 859 omnino
700 815 860 878 numquam
877 795 991 860 fuisse?
1010 799 1048 860 ita
1065 799 1116 878 qui
1133 818 1209 860 non·
1233 807 1261 857 13

127 883 196 944 dum
214 881 275 943 nati
299 890 370 944 sunt
389 882 490 944 miseri
513 883 569 944 iam
591 890 670 958 sunt,
693 883 761 962 quia
783 902 845 945 non
867 892 947 959 sunt,
971 891 1001 946 et
1015 902 1080 959 nos,
1103 883 1127 946 si
1143 894 1211 964 post

126 976 254 1029 mortem
283 967 382 1029 miseri
407 967 500 1029 futuri
522 987 640 1043 sumus,
669 968 769 1029 miseri
798 969 907 1032 inimus
934 979 1003 1031 anto
1026 987 1114 1048 quarn
1138 971 1208 1032 nati.

127 1052 191 1133 Ego
207 1061 307 1114 autern
324 1071 385 1115 non
398 1052 598 1125 commemini,
613 1062 682 1114 ante
694 1071 782 1132 quarn
799 1073 863 1115 sum
877 1063 973 1127 natus,
989 1073 1037 1116 me
1052 1055 1208 1117 miserum:

81 1149 107 1200 10
127 1147 159 1199 tu
171 1138 198 1200 si
209 1138 332 1200 meliore
344 1138 487 1199 memoria
499 1138 634 1213 es,velint
646 1139 723 1200 scire
735 1140 840 1217 ecquid
854 1139 889 1200 de
901 1150 930 1200 te
942 1140 1108 1202 recordere.
1124 1140 1158 1201 A.
1166 1139 1208 1201 lta
1228 1150 1242 1203 1

127 1223 246 1300 iocaris,
261 1223 344 1303 quasi
359 1241 415 1303 ego
427 1223 521 1286 dicam
535 1242 586 1285 eos
597 1224 731 1300 miseros,
743 1223 795 1304 qui
807 1225 868 1286 nati
880 1243 940 1287 non
954 1225 1024 1300 sint,
1039 1233 1069 1285 et
1081 1243 1142 1286 non
1156 1245 1208 1288 eos

126 1309 263 1383 miseros,
275 1308 326 1388 qui
338 1309 448 1370 mortui
456 1317 537 1371 sunt.
553 1308 594 1370 Μ.
604 1308 677 1371 Esse
684 1327 756 1389 ergo
765 1327 816 1372 eos
825 1309 907 1372 dicis.
920 1310 954 1370 t.
964 1309 1060 1371 Immo
1069 1309 1136 1389 quia
1146 1329 1207 1371 non

126 1393 196 1469 sint,
220 1412 288 1455 cum
304 1394 426 1468 fuerint,
449 1413 484 1456 eo
500 1393 626 1456 miseros
650 1413 724 1456 esse.
763 1394 804 1455 Μ.
820 1395 988 1475 Pugnantia
1004 1403 1033 1456 te
1048 1395 1129 1474 loqui
1146 1413 1208 1456 non

125 1477 229 1541 vides?
259 1479 330 1557 quid
352 1481 432 1540 enirn
454 1488 513 1540 tanr
536 1488 650 1559 pugnat
672 1498 761 1560 quarn
784 1499 845 1541 non
858 1481 958 1560 ,modo
979 1480 1130 1553 miserum,
1157 1480 1209 1542 sed

79 1576 107 1625 15
129 1565 253 1626 omnino
265 1564 424 1644 quicquam
437 1583 501 1626 esse
514 1565 564 1645 qui
581 1563 716 1627 nonsit?
739 1565 785 1626 An
797 1574 829 1626 tu
844 1584 981 1644 egressus
993 1575 1078 1646 porte
1091 1566 1208 1646 Capena

128 1669 195 1711 oum
211 1649 345 1722 Calatini,
358 1650 543 1730 Scipionum,
556 1650 756 1726 Serviliorum,
768 1650 955 1713 Metellorum
966 1651 1103 1731 sepulcra
1118 1652 1208 1725 vidos,

161 1837 184 1886 2.
204 1839 317 1901 oportet,
336 1835 407 1887 nicht
423 1849 528 1885 necesse
546 1839 592 1898 oet,
611 1834 642 1887 de
729 1838 772 1887 11.
797 1839 824 1885 et
840 1850 896 1886 non
912 1834 964 1886 und
983 1834 1055 1886 nicht
1074 1833 1208 1887 vielmehr.

123 1905 200 1968 jones
223 1903 295 1954 nicht
319 1903 386 1954 blois
409 1903 467 1956 eine
490 1902 643 1954 morolische
695 1901 730 1954 So
742 1901 781 1954 111.
796 1906 835 1967 11,
848 1905 893 1954 et:
911 1904 1019 1968 (uirtus)
1036 1904 1061 1952 se·
1078 1904 1209 1952 eatrimo

126 1971 236 2036 Polione,
262 1970 372 2024 sondern
396 1970 563 2036 ellgeoneiner
586 1971 643 2023 eine
695 1985 742 2022 om
759 1971 876 2036 religata
894 1971 1010 2036 pendeat
1026 1974 1053 2021 et
1070 1985 1125 2020 non
1137 1971 1209 2020 oria-

127 2054 173 2092 aus
193 2039 251 2092 dem
270 2038 365 2092 Wesen
389 2037 440 2092 und
461 2037 559 2104 Begriii
574 2039 644 2091 einer
695 2043 742 2089 tur
759 2056 775 2089 a
792 2055 828 2092 ee.
865 2039 938 2090 Auch
963 2054 996 2090 oc
1019 2054 1075 2090 non
1098 2036 1163 2089 vird
1180 2052 1210 2091 so

127 2107 212 2160 Socho
229 2107 449 2174 hervorgehende,
466 2107 521 2159 also
536 2106 581 2159 ani
599 2107 644 2159 der
695 2107 849 2173 gebraucht,
874 2123 896 2159 a.
909 2106 937 2159 B.
951 2107 990 2160 111.
1004 2110 1028 2172 5,
1043 2111 1087 2160 11:
1105 2122 1138 2158 ae
1155 2121 1211 2158 oon

125 2175 276 2242 Forderung
294 2175 339 2228 der
350 2175 477 2228 Vernunit
495 2174 643 2228 bernhende
693 2191 779 2242 saepe.
802 2174 852 2228 Der
870 2174 991 2228 Wechsel
1010 2173 1056 2228 des
1073 2174 1166 2227 Modus
1184 2176 1210 2226 in

126 2243 341 2310 Notweodigkeit
359 2243 518 2299 bezeichnet.
539 2242 598 2309 Vgl.
612 2243 644 2296 de
695 2246 751 2294 sint
763 2243 814 2295 und
827 2249 891 2295 runt
903 2244 1045 2312 eutepricht
1057 2242 1115 2295 dem
1128 2242 1211 2295 lohelt

126 2329 163 2367 or.
171 2313 190 2367 1.
196 2315 222 2378 c,
228 2316 274 2366 oo:
284 2313 392 2364 Etenim
404 2329 439 2363 ec
450 2314 643 2378 rerumeogm'-
696 2312 784 2364 beider
802 2311 983 2366 Relativsitze.

127 2385 201 2434 tione
213 2379 405 2444 efflorcseotet
422 2379 555 2431 redundet
567 2395 646 2447 opor·
731 2381 772 2434 13.
797 2397 828 2430 oo
849 2380 902 2445 vgi.
923 2383 968 2445 13,
986 2382 1031 2434 30:
1051 2396 1081 2431 eo
1106 2379 1210 2444 lugeat;

128 2454 166 2500 tet
183 2451 282 2502 oratio.
696 2451 738 2512 31,
751 2451 796 2502 9οτ
815 2464 855 2510 eo,
874 2449 954 2515 quod.

163 2521 187 2571 3.
214 2519 287 2569 nicil
327 2521 420 2568 ormont
445 2532 511 2581 esee,
535 2516 598 2570 (1.11.
616 2531 645 2568 es
729 2516 956 2582 nonoidos‚o.zn
970 2519 1052 2581 8,11;
1069 2530 1212 2566 connere-

126 2585 196 2638 kann
209 2587 288 2639 ihnen
305 2533 367 2636 {ein
380 2583 502 2637 Pratitae
513 2584 645 2651 beigelegt
697 2586 855 2652 mandetis?
1060 2651 1066 2661 Ι

127 2655 246 2717 werden3
273 2657 314 2705 ito
340 2653 414 2706 leitet
440 2653 481 2704 die
508 2653 644 2705 Conclusio
732 2655 773 2706 15.
790 2655 871 2717 porta
890 2651 1004 2715 Capena.
1040 2649 1083 2700 Sne
1109 2649 1152 2713 leg
1179 2663 1211 2700 an

128 2723 181 2843 cini
198 2723 293 2842 vitiosi,
307 2723 520 2841 miiaiinhrsrioc}
536 2788 646 2854 (immor)
698 2717 1213 2849 ΜΓΜΠΜΞΜΜΜΜΜΜ1Β3Μ1ΠΜΜΜΜΟΞΜ

129 2858 214 2920 nicht;
240 2859 292 2925 vgl.
319 2859 345 2909 in
368 2856 645 2921 Verr.111.84‚1ot:
698 2859 743 2907 oia
760 2853 871 2922 Appia,
888 2868 920 2904 an
943 2853 1021 2904 deren
1039 2850 1128 2904 Seiten
1145 2851 1213 2903 viole

128 2928 235 2978 nmini
251 2925 308 2994 lege
331 2941 496 2988 conoessum,
518 2925 566 2976 sed
588 2923 645 2986 for-
698 2923 847 2977 Grabmtler
865 2923 986 2988 angelegt
1000 2936 1094 2986 waren,
1113 2920 1213 2974 welche

130 2999 200 3046 tasse
218 2995 306 3048 adhuc
323 2998 353 3046 in
371 2994 446 3046 nullo
465 2997 546 3045 etiam
558 2994 647 3044 vindi·
699 3008 757 3044 zum
775 2991 833 3043 'l'eil
851 2991 918 3044 noch
936 2990 1051 3044 erhelten
1070 2988 1135 3042 sind.

130 3069 229 3115 catum.
736 3063 775 3114 16.
786 3059 910 3112 Calatini.
923 3060 955 3114 A.
966 3059 1069 3123 Atilius,
1081 3073 1128 3110 eus
1140 3056 1214 3110 Gale-

163 3134 187 3184 5.
216 3134 256 3182 ito
284 3134 332 3197 qui
349 3135 398 3182 cet.
427 3128 476 3180 Der
494 3127 597 3182 Schlnfs
614 3129 650 3182 ist
700 3130 734 3181 tie
754 3129 780 3181 in
794 3129 948 3197 campanieu
966 3126 1118 3191 stammend,
1137 3126 1215 3179 daher

130 3198 319 3263 uncutreffcnd,
338 3198 369 3250 de
388 3197 422 3251 Μ.
440 3195 500 3249 dem
517 3198 547 3249 A.
566 3201 649 3250 etwas
700 3197 831 3250 Calatinus
854 3199 980 3264 genennt,
1006 3198 1057 3248 258
1084 3193 1137 3248 nod
1164 3197 1215 3250 254

129 3267 276 3332 insinuicrt,
294 3281 349 3320 was
367 3266 451 3318 dieser
468 3266 540 3318 nicht
557 3271 649 3332 gesegt
700 3264 806 3329 Konsnl,
824 3265 1002 3334 triumphierte
1015 3267 1065 3318 249
1077 3263 1116 3316 als
1128 3263 1215 3316 Dikte·

129 3337 190 3402 }rat,
214 3335 267 3388 und
285 3335 334 3387 den
352 3333 582 3387 beschrinkenden
600 3333 648 3385 Zu-
699 3337 740 3386 tor
748 3336 814 3386 uber
822 3333 864 3386 die
874 3333 1022 3399 Karthager.
1034 3332 1085 3384 Das
1098 3333 1215 3396 elogium

130 3408 187 3457 soto
205 3403 251 3456 des
270 3404 314 3456 A.:
334 3418 393 3455 oum
411 3399 499 3464 suerio
516 3402 587 3454 nicht
605 3402 650 3454 be·
699 3417 751 3455 von
770 3403 867 3454 seinern
885 3401 1005 3454 Grabmci
1024 3401 1108 3452 citiert
1126 3399 1214 3450 Gicero

129 3471 311 3538 rucksichtigt.
700 3471 755 3522 Gat.
765 3468 799 3520 Μ,
811 3472 852 3535 11,
863 3472 895 3522 or
906 3467 959 3521 und
971 3468 1004 3521 de
1013 3467 1058 3520 fin.
1067 3466 1094 3518 11.
1105 3469 1146 3531 115,
1158 3468 1214 3520 tto.

165 3543 190 3594 9.
208 3543 402 3592 monstrorum.
429 3537 648 3603 DieAneinssnng
735 3537 918 3590 Seruiliorum
954 3537 1002 3589 Am
1025 3535 1214 3588 bekanntesten

130 3625 184 3662 von
208 3625 264 3660 me
286 3608 370 3660 neben
396 3607 479 3660 einero
502 3605 650 3658 Pridikets·
700 3604 756 3658 sind
776 3607 822 3658 Co.
840 3605 964 3658 Servilius
983 3604 1074 3671 Copto,
1093 3602 1137 3655 der
1158 3605 1216 3662 169,

131 3692 218 3730 accus.
228 3677 264 3729 ist
273 3676 340 3728 noch
350 3675 417 3728 allen
428 3674 511 3726 Verbo
522 3673 649 3726 sentiendi
702 3675 752 3727 ond
778 3672 808 3734 Q.
833 3672 956 3726 Servilius
980 3673 1073 3742 Cipio,
1097 3671 1142 3724 der
1166 3672 1215 3725 106

130 3745 184 3798 nod
212 3743 360 3798 declarandi
389 3742 448 3796 sehr
476 3742 649 3809 gewohnlich.
702 3742 801 3794 Konsnl
820 3757 882 3795 wer.

132 3813 650 3880 Vngurzvorher:miserrimumputo,
736 3809 912 3862 Metellorum.
954 3809 1000 3862 Die
1021 3809 1215 3862 beruhmtesten

130 3881 184 3934 und
202 3887 298 3934 notent
315 3882 427 3932 miseros
440 3883 523 3947 putas
540 3879 617 3931 illos?
703 3893 748 3930 aus
760 3877 857 3931 diesem
869 3877 1022 3931 vornehmcn
1041 3873 1216 3944 plebejiochen

186 3973 264 4019 Cicero
277 3973 367 4018 ¹Personl.
383 3972 400 4020 1.
420 3973 441 4016 9.
455 3971 516 4018 sun.
996 3964 1011 4015 3
