2800 4476
207 217 267 279 100
608 217 702 270 trous
718 217 761 276 rt.
780 221 871 285 sous.

246 391 279 453 A.
303 390 377 462 Quis
390 391 473 452 domo
487 399 514 452 tc
528 392 710 472 exsuperavit
724 408 843 470 usquam
856 390 986 470 pintium
997 389 1190 472 inpudintio?

247 475 288 539 M.
312 475 385 547 Qun
400 480 467 538 item
480 476 595 537 molitiei
608 473 658 536 te?

203 562 286 624 Nosti
302 581 377 641 quoe
392 569 573 641 sequuntur3
589 560 711 621 alteruis
727 559 806 621 enim
825 559 958 621 versibus
973 561 1187 641 intorquentur
1201 563 1282 623 inter

203 648 309 709 iratres
330 647 514 726 gravissimae
535 645 746 719 contumeliae,
768 653 801 706 ut
826 645 912 706 facilc
940 656 1080 726 appareat
1099 647 1180 708 Atrei
1202 647 1282 709 filios

205 751 279 808 esse,
295 732 358 793 eius
376 731 426 810 qui
441 730 598 792 meditatur
612 749 741 810 poenam
756 730 787 790 in
802 731 925 791 fratrem
940 748 1060 791 novam:
1306 747 1322 798 5

331 815 435 878 Moidr
448 815 522 877 midi
535 816 632 887 motos,
647 819 743 878 meiius
757 817 959 877 miscendumst
972 816 1091 891 mutum,

331 900 487 974 Quietum
502 901 634 962 acerbum
652 904 701 962 cdr
714 903 889 963 contundens
905 912 930 962 et
947 903 1133 981 comprimam.

203 987 269 1058 Quo
284 986 374 1066 igitur
388 986 461 1047 haec
476 987 605 1066 erumpit
622 984 739 1047 moles?
766 985 841 1047 Audi
857 985 1030 1065 Thyestem:

331 1066 416 1151 'Ipsus
429 1072 563 1134 dortctir
576 1089 621 1132 me
640 1071 745 1149 freter,
760 1074 792 1132 tt
807 1089 884 1132 meos
897 1070 983 1133 motis
997 1075 1085 1132 miser

331 1155 502 1218 Mdndorem
516 1159 601 1217 notos
616 1191 658 1204 —-
675 1153 717 1200 -'
1306 1170 1338 1221 10

204 1240 314 1301 Eorum
337 1241 449 1304 viscera
471 1241 603 1320 apponit.
641 1240 718 1312 Quid
743 1247 788 1300 est
811 1240 890 1300 enim
914 1239 1056 1318 quo'nou
1072 1240 1283 1320 progrediatur

204 1325 307 1387 eodem
331 1326 374 1387 ira
396 1345 455 1406 quo
479 1324 586 1387 furor?
612 1325 714 1405 ltaque
735 1325 828 1386 iratos
848 1324 970 1404 proprie
993 1324 1117 1386 dicimus
1134 1326 1228 1386 exisse
1245 1324 1282 1385 de

203 1418 365 1490 potestate,
381 1411 410 1472 id
428 1420 472 1472 est
487 1411 523 1472 de
539 1410 680 1486 consilio,
697 1411 733 1470 dc
748 1411 874 1484 ratione,
890 1408 926 1470 de
941 1417 1055 1484 mente3
1077 1410 1185 1472 horum
1201 1409 1282 1471 enim

204 1504 333 1576 potestas
351 1497 381 1557 in
401 1505 496 1557 totum
511 1496 642 1557 animum
659 1513 723 1557 esse
738 1494 836 1556 debet.
870 1493 922 1555 His
937 1502 988 1555 sut
1002 1494 1195 1556 subtrahendi
1210 1502 1283 1556 sunt

203 1580 246 1654 ei,
267 1581 299 1641 in
314 1600 391 1660 quos
405 1581 547 1660 impetum
565 1588 712 1642 conentur
727 1581 841 1655 iecere,
867 1579 938 1640 dum
953 1598 985 1640 se
1000 1579 1056 1659 ipsi
1072 1580 1223 1660 conligant
1238 1613 1281 1624 -
1306 1591 1336 1644 15

204 1665 274 1743 quid
295 1677 340 1728 est
362 1674 460 1728 autem
481 1684 513 1728 se
527 1666 624 1745 ipsum
640 1665 807 1744 conligere,
830 1663 887 1725 nisi
902 1663 1066 1742 dissupatas
1081 1665 1172 1726 animi
1186 1664 1281 1745 partis

154 1765 182 1817 rs
203 1767 323 1813 rursum
338 1751 369 1812 in
387 1769 475 1813 suum
489 1750 586 1811 locum
603 1749 734 1828 cogere?
754 1785 795 1796 -
810 1757 861 1810 aut
875 1749 1001 1828 rogandi
1018 1751 1183 1829 orandique
1198 1759 1281 1822 sunt,

203 1844 251 1911 ut,
272 1837 297 1898 si
320 1855 409 1917 quam
430 1834 541 1897 habent
560 1835 723 1897 ulciscendi
744 1833 817 1909 vim,
839 1833 979 1895 differant
1000 1834 1031 1895 in
1053 1843 1171 1916 tempus
1191 1833 1281 1907 uliud,

204 1919 273 1981 dum
286 1923 467 1983 defervescat
477 1921 530 1981 ire.
553 1921 760 1982 Deservescere
773 1927 871 1981 autem
886 1927 968 1980 certe
983 1920 1129 1998 significat
1143 1921 1282 1982 ardorem

204 2007 295 2068 animi
315 2007 405 2069 invita
419 2007 535 2068 ratione
551 2006 719 2068 excitatum.
753 2004 797 2068 Ex
814 2023 873 2083 quo
889 2002 962 2065 illud
976 2004 1112 2067 laudatur
1126 2006 1283 2088 Archytae,
1307 2019 1337 2069 m

204 2128 229 2192 2,
246 2126 274 2176 9:
293 2123 406 2175 atterum
421 2125 623 2187 potueruntne
640 2123 717 2174 doti·
767 2120 844 2172 Arist.
857 2122 881 2184 3,
894 2122 924 2172 2:
942 2126 981 2184 ut,
999 2124 1046 2186 qui
1062 2122 1214 2187 efferretur,
1231 2126 1283 2174 vic

204 2194 331 2244 tationem
342 2219 376 2231 -
393 2191 506 2241 atterum
524 2190 645 2241 dubitari
662 2207 717 2242 non
766 2189 914 2254 reliquerit.

199 2256 717 2327 1555551151151555551.1138545555
802 2259 826 2308 9.
844 2259 925 2322 ipsus,
943 2256 1023 2309 ilterc
1040 2255 1115 2308 Form
1132 2256 1174 2308 tdr
1192 2259 1256 2322 ipse.

203 2325 717 2392 intentatiquemcomperationem3de
800 2323 879 2375 mede
887 2319 1007 2390 (meineri
1016 2319 1284 2389 Kinnhacken’Jmen-

203 2394 248 2446 fin.
262 2392 293 2448 V.
313 2396 351 2455 12,
365 2394 411 2445 34:
431 2407 499 2458 quae
516 2396 638 2457 corporis
646 2399 718 2458 eunt,
768 2391 867 2457 dorem,
885 2393 956 2444 nicht
969 2390 1130 2452 menddrem
1143 2393 1227 2444 haben
1240 2392 1283 2444 die

204 2479 235 2512 ea
254 2463 433 2525 coguitionem
446 2462 544 2512 taient
553 2459 717 2520 faciliorum.
768 2459 859 2512 bestcn
871 2459 1012 2513 Hendschr.
1025 2461 1079 2512 hier
1093 2459 1146 2512 und
1164 2460 1197 2512 de
1215 2469 1282 2514 orat.

206 2529 261 2595 Vgl.
279 2528 317 2581 111.
338 2531 377 2593 13,
396 2531 436 2581 21.
767 2526 806 2580 111.
824 2530 865 2594 58,
881 2530 939 2591 211,
952 2543 994 2581 wo
1012 2527 1130 2581 dasseibe
1143 2529 1281 2581 (11151551-
1340 2547 1342 2552 ·

241 2601 263 2650 1.
282 2597 348 2661 Quis
360 2599 437 2648 tomo
450 2599 509 2660 cet,
527 2611 574 2648 aus
591 2594 636 2648 der
650 2595 716 2663 Iphi·
767 2594 877 2657 kommt;
902 2595 999 2648 eberiso
1021 2597 1093 2648 Lucr.
1110 2596 1138 2648 ΙΙ.
1157 2599 1221 2650 638:
1241 2596 1283 2648 Ne

204 2666 278 2734 genie
296 2664 342 2717 des
359 2664 456 2716 Ennius
474 2665 597 2717 entlehut.
767 2663 902 2716 Saturnus
918 2680 978 2715 eum
993 2667 1091 2716 matie
1107 2665 1284 2717 mandaret

238 2735 261 2785 3.
290 2737 481 2798 intorquentur
509 2736 580 2784 inter
607 2730 716 2796 fratrer,
767 2732 888 2798 adeptus.
913 2733 994 2784 Maiis
1004 2730 1157 2784 mondirem
1169 2733 1204 2785 ist
1216 2733 1283 2786 auch

203 2801 288 2855 woidr
306 2816 333 2854 cs
352 2800 480 2853 sktivisch
497 2801 597 2853 heitsen
616 2799 715 2852 wurde:
767 2801 881 2866 weniger
899 2801 1024 2867 poetisch.

203 2869 304 2932 fratrea
325 2872 482 2934 intorquent
502 2872 575 2919 inter
594 2885 622 2919 se
636 2883 717 2932 gran
803 2870 843 2922 11.
862 2868 934 2932 Quid
950 2873 1040 2919 est-
1057 2884 1110 2935 quo
1122 2867 1221 2930 furor?
1238 2883 1283 2920 zu·

203 2936 387 2990 contumelias.
413 2935 471 3002 Vgl.
484 2936 549 2988 such
560 2935 598 2988 111.
611 2938 652 3002 26,
670 2937 715 2988 63:
768 2950 999 3003 sammengezogen
1013 2951 1071 2989 aus:
1090 2936 1164 3000 Quid
1174 2940 1216 2987 est
1230 2951 1282 3002 quo

205 3021 273 3072 quas
290 3006 370 3056 verba
389 3009 555 3070 contorquet.
766 3018 822 3054 non
841 3019 938 3070 progr.
961 3007 1024 3056 irat
1051 3005 1104 3056 und
1126 3007 1171 3056 ira
1193 3004 1284 3056 eodem

213 3101 216 3106 ·
239 3076 263 3126 6.
284 3073 374 3124 Maior
395 3076 453 3136 cet,
476 3086 521 3124 aus
543 3071 601 3124 dem
622 3070 716 3123 Atreus
765 3072 943 3138 progreditur
960 3088 1012 3139 quo
1029 3072 1119 3134 turer.

205 3140 250 3192 des
262 3140 367 3201 Accium
381 3140 446 3192 auch
458 3137 490 3191 de
502 3139 570 3194 deor.
584 3155 608 3192 n.
621 3138 658 3193 111.
671 3141 712 3204 25,
803 3141 842 3192 12.
859 3144 945 3190 emisse
962 3141 994 3192 de
1005 3146 1072 3207 pot,
1084 3140 1136 3208 vgi.
1148 3140 1188 3196 111.
1204 3144 1230 3207 5,
1244 3145 1283 3196 11.

205 3211 238 3262 68
256 3206 307 3260 und
325 3206 357 3259 de
375 3211 439 3261 oret
457 3206 495 3260 111.
512 3210 553 3274 58,
571 3209 621 3260 219
639 3222 716 3274 enge·
803 3210 842 3260 19.
852 3207 1050 3270 defervescere:
1063 3209 1109 3261 das
1118 3208 1283 3272 Auskochen,

204 3276 282 3328 tome
310 3273 409 3342 Wegen
431 3274 476 3327 der
493 3271 642 3346 παρὴχησιε
658 3291 680 3330 s.
697 3275 716 3330 Ι.
767 3273 791 3327 (1.
810 3275 835 3326 h.
860 3275 1071 3342 (1151151555115,
1089 3276 1162 3329 dats
1181 3293 1209 3330 er
1227 3293 1284 3329 aus-

206 3347 247 3411 35,
266 3345 297 3397 85
316 3359 348 3396 zu
366 3348 394 3395 oi
410 3346 495 3395 uitam
512 3347 618 3395 evitari.
767 3341 855 3396 kocht.

214 3440 217 3446 ·
239 3413 428 3464 miscendorum
443 3412 550 3478 malurn,
567 3411 633 3464 nach
648 3411 716 3463 Ana·
803 3414 843 3464 20.
856 3411 901 3463 ue
913 3427 978 3478 quo:
991 3411 1155 3479 domgemiIs,
1173 3413 1221 3464 mit
1235 3412 1284 3465 Be·

205 3481 472 3544 loqievonoenenum
481 3482 597 3532 me'scere.
614 3478 717 3532 Ehenso
768 3493 818 3546 rog
836 3479 880 3532 eui
896 3482 1065 3546 rogandi-
1082 3481 1221 3543 differant.

204 3548 294 3600 indat.
307 3547 348 3601 rt.
362 3551 425 3615 3,6:
444 3564 513 3600 noua
526 3547 656 3613 quasdem
667 3549 717 3598 mi-
802 3549 952 3615 Arctqtar,
979 3548 1167 3616 Pythagoreer,
1194 3547 1284 3601 Platae

205 3619 275 3666 rcere·
295 3620 323 3666 et
342 3619 482 3680 concitari„
497 3617 569 3666 mata
590 3618 645 3666 iarn
661 3618 717 3680 pri·
756 3615 935 3682 ·Zeitgenosee
949 3615 1002 3668 und
1014 3616 1122 3669 Freund.
1144 3615 1202 3669 Vel.
1216 3616 1283 3670 Max.

207 3685 265 3734 dem
283 3682 591 3749 ridebam-Ubrigens
610 3682 719 3734 beechte
767 3681 809 3736 IV.
830 3686 856 3748 1,
875 3688 925 3736 ext.
946 3688 974 3737 1:
1000 3683 1162 3736 Tarentinus
1179 3686 1284 3752 Arcip-
1384 3693 1385 3728 λ

207 3765 266 3802 man
290 3750 355 3803 auch
380 3752 425 3803 das
443 3752 567 3818 Zeugma:
589 3766 620 3801 zu
639 3751 721 3802 motm
770 3755 823 3816 tas,
857 3752 920 3802 dum
952 3769 979 3803 ee
1007 3754 1179 3820 Ipttagorne
1204 3768 1284 3818 pree-

207 3819 242 3869 iet
252 3819 382 3870 movenda
394 3818 455 3872 oder
467 3818 545 3886 dergl.
562 3833 593 3870 zu
608 3817 718 3870 deniren.
770 3823 852 3886 ceptis
861 3819 1009 3887 Metaponti
1018 3825 1127 3886 penitere
1139 3825 1284 3888 immergit,

242 3888 266 3939 1.
289 3885 342 3950 Qui
357 3911 392 3934 ει
409 3903 462 3954 quo
482 3887 568 3951 modo,
587 3885 636 3939 wie
653 3886 718 3954 Nep.
768 3902 868 3954 magno
896 3889 987 3940 tatere
1010 3889 1143 3956 longoque
1166 3893 1284 3960 tempore
