2804 4474
497 193 592 247 crem
609 194 651 247 rr.
671 199 744 262 nu.
757 199 795 249 ie.
1137 195 1177 256 63

102 365 235 440 vitiosae,
251 366 303 427 sed
317 367 403 428 etiam
416 386 505 446 quarn
516 368 546 428 in
564 375 663 428 nostra
679 367 739 428 sint
754 377 907 447 potestate.
930 368 983 430 Est
998 388 1068 448 ergo
1084 374 1179 449 σαργί-

102 451 171 512 tudo
195 451 298 531 opinio
321 471 427 514 recens
447 453 515 514 mali
535 451 713 532 praesentis,
735 451 765 514 in
783 472 842 531 quo
857 452 968 514 demitti
985 453 1179 534 contrahique

107 535 207 598 auimo
220 545 334 598 rectum
353 556 417 599 asse
431 537 572 612 videatur,
587 536 698 599 laetitia
712 536 813 616 opinio
829 556 934 600 recens
949 538 1021 600 boni
1036 557 1177 619 praesen-

106 621 161 696 tis,
185 621 216 682 in
234 639 294 700 quo
317 622 414 683 efferri
434 620 548 685 rectum
570 619 802 697 emendentur,
827 632 918 686 metue
939 623 1038 704 opinio
1062 625 1178 705 impen-

65 718 79 766 5
102 705 202 767 dentis
216 705 300 782 mali,
322 706 400 786 quod
423 706 608 769 intolerabile
629 725 694 768 esse
710 707 857 781 videatur,
878 708 973 770 lubido
989 709 1091 789 opinio
1104 728 1178 770 ven-

102 791 162 852 turi
185 789 273 863 boni,
296 791 374 871 quod
390 792 428 854 sit
443 812 479 854 ex
492 811 549 854 usu
568 791 625 852 iam
641 809 782 870 praesens
798 811 862 854 esse
877 801 964 873 alque
979 794 1090 856 adessa.
1120 794 1177 856 Sed
1200 802 1230 852 ta

103 894 180 956 quae
195 875 302 938 iudicia
318 895 449 957 quasque
464 877 621 957 opiniones
635 877 892 956 perturbationum
907 898 970 941 asse
985 879 1053 952 dixi,
1070 899 1131 941 non
1146 881 1177 942 in

105 961 148 1022 eis
169 960 410 1042 perturbationes
431 962 526 1025 solum
550 962 661 1042 positas
684 980 748 1024 esse
771 961 884 1037 dicunt,
900 982 999 1024 verum
1015 964 1063 1026 illa
1079 965 1177 1038 etiam,

107 1064 185 1126 quae
208 1047 378 1109 efficiuntur
400 1046 689 1127 perturbationibus,
711 1057 744 1108 ut
767 1047 918 1126 aegritudo
941 1049 1024 1127 quasi
1047 1068 1178 1112 morsum

62 1140 90 1193 10
113 1131 243 1210 aliquem
265 1132 374 1194 doloris
396 1133 517 1205 efficiat,
538 1142 634 1195 metus
654 1150 804 1194 recessum
820 1132 967 1210 quendam
982 1134 1072 1195 animi
1088 1145 1117 1196 et
1131 1137 1178 1196 lu·

104 1235 189 1295 gam,
211 1217 319 1279 laetitia
340 1219 491 1296 profusam
515 1218 704 1291 bilaritatem,
726 1215 827 1278 lubido
844 1218 1014 1278 elirenatam
1030 1229 1175 1299 appetan-

105 1302 187 1363 tiam.
205 1301 407 1382 opinationem
420 1313 527 1378 autem,
543 1321 631 1382 quam
646 1301 676 1364 in
694 1302 790 1365 omnis
805 1301 994 1365 definitiones
1008 1305 1177 1384 superiores

107 1386 299 1462 inclusimus,
322 1389 425 1449 volunt
447 1407 511 1450 essa
533 1387 708 1450 imbecillam
731 1387 948 1450 adsensionem.
982 1387 1039 1449 Sed
1055 1389 1179 1468 singulis
1202 1396 1231 1447 ta

107 1471 385 1552 perturbationibus
405 1483 504 1554 partes
524 1474 655 1535 eiusdem
675 1473 794 1552 generis
807 1472 908 1552 plures
922 1472 1124 1549 subiciuntur,
1147 1486 1178 1536 ut

56 1566 83 1616 15
109 1557 288 1636 aspritudini
301 1557 460 1620 invidentia
475 1593 517 1603 -
532 1557 675 1622 utendum
692 1567 737 1620 est
751 1557 829 1619 enim
844 1557 970 1619 docendi
986 1576 1073 1621 causa
1088 1559 1178 1621 verbo

106 1641 207 1704 minus
223 1641 340 1718 usitato,
355 1644 496 1722 quoniam
511 1644 619 1705 invidia
634 1663 695 1706 non
712 1642 742 1702 in
758 1663 805 1716 eo,
821 1643 871 1722 qui
887 1643 1006 1718 invidet,
1022 1645 1118 1707 solum
1132 1645 1177 1706 di·

140 1829 163 1879 1.
181 1827 232 1877 Est
249 1842 314 1892 ergo
332 1828 483 1894 aegritudo,
501 1845 521 1880 s.
539 1844 571 1881 zu
580 1828 618 1880 111.
669 1827 792 1878 letnteren
817 1842 868 1879 ran
883 1827 931 1878 ¹ibr
957 1827 1068 1880 sondert.
1109 1829 1178 1880 Aber

107 1897 148 1960 11,
158 1896 205 1946 25:
218 1899 310 1946 metue.
334 1893 394 1948 Dals
407 1897 486 1948 saban
500 1895 540 1948 die
553 1896 619 1962 grie·
671 1894 721 1946 Gla.
740 1894 775 1946 ist
786 1893 878 1946 unlrlar
893 1894 946 1948 und
957 1896 1095 1948 vermiscbt
1107 1896 1177 1950 diese

105 1961 229 2014 ebiscben
247 1961 362 2028 duellem,
380 1979 427 2016 aus
439 1963 554 2016 walchen
568 1963 618 2016 Gla
669 1960 762 2014 beiden
780 1962 919 2014 Ansichten
937 1963 984 2014 mit
1002 1963 1130 2016 einander.

105 2029 244 2097 gescbdplt
261 2030 313 2096 bat,
332 2029 372 2083 die
386 2035 556 2097 perturbatio
573 2049 620 2084 un-
705 2032 728 2082 8.
745 2031 844 2092 tolum,
864 2047 884 2084 s.
903 2047 933 2083 zu
950 2032 969 2083 l.
988 2033 1029 2096 21,
1055 2035 1099 2085 66:
1121 2033 1179 2084 sola

104 2098 235 2150 mittelbar
247 2097 286 2150 als
298 2099 355 2152 elne
367 2103 457 2166 opinio
470 2099 619 2153 bezeichne-
670 2099 770 2150 diuina.
996 2101 1000 2111 “

105 2172 157 2230 ten,
176 2166 241 2217 wird
254 2167 423 2223 ausAndran.
437 2167 518 2220 Rbod.
531 2184 556 2235 p.
570 2169 618 2222 523
706 2170 746 2220 10.
772 2182 903 2218 recessum
925 2195 957 2206 -
979 2173 1005 2218 et
1026 2166 1123 2233 liegam
1145 2194 1180 2240 ς

105 2233 332 2286 wahrschelnllch:
346 2232 443 2301 λύπη,
457 2232 523 2297 δόξα
536 2233 618 2304 πρόσ-
670 2237 881 2286 contractionem
911 2240 1013 2301 aniani,
1044 2233 1178 2302 συστολὴν

106 2317 197 2383 paraq
218 2305 328 2367 (recena)
353 2305 436 2356 κακοῦ
463 2309 618 2368 παρουσίας,
670 2303 717 2368 τῆς
731 2303 822 2368 ψυχῆς·

106 2363 154 2438 ἐφ’
174 2388 197 2435 ῳ
218 2369 324 2422 οἴονται
344 2368 401 2423 δεῖν
420 2369 620 2424 συστέλλεσθαι
706 2381 746 2432 12.
775 2379 912 2446 Optantio,
939 2397 990 2434 von
1015 2383 1101 2436 Cicero
1128 2401 1178 2437 neu

106 2440 263 2502 (contrabit
281 2435 395 2505 ἡδονή,
412 2435 479 2502 δόξα
496 2459 517 2492 π
536 2437 620 2508 dequa-
671 2447 794 2513 gebildet,
816 2448 906 2501 dnlckt
924 2450 1012 2503 besser
1030 2452 1067 2503 als
1087 2456 1177 2518 opinio

104 2531 150 2567 τος
162 2511 272 2634 «pedae
283 2520 440 2585 παρουσίας,
457 2511 501 2648 γ’
516 2537 538 2582 ῳ
551 2516 618 2568 οἴου·
671 2515 712 2566 die
725 2515 807 2567 blolse
825 2521 896 2568 actio
909 2520 1040 2584 opinandi
1052 2513 1106 2571 ‘die
1119 2522 1179 2572 sub·

104 2601 152 2635 ται

104 2667 196 2702 recem
213 2651 266 2716 vgl.
287 2651 325 2704 111.
346 2655 374 2704 11
382 2692 390 2718 ,
414 2656 446 2704 25
464 2669 489 2705 u.
510 2657 557 2719 31,
575 2656 617 2714 tu
672 2655 712 2713 11,
733 2653 774 2702 26.

13 2763 15 2774 .
105 2735 137 2771 zu
154 2723 258 2770 reatum
275 2719 313 2772 111.
332 2721 373 2782 21,
391 2723 432 2774 64.
706 2722 745 2771 13.
764 2719 924 2770 imbecillam
940 2719 1069 2783 (haltlose)
1086 2723 1178 2774 adsen-

141 2788 165 2838 6.
184 2787 258 2852 qnod
273 2790 309 2837 sit
325 2805 360 2838 ear
379 2804 431 2838 usu
447 2814 482 2834 =
499 2807 524 2855 q.
542 2805 621 2854 eupe-
669 2789 779 2850 σίοιιοοι,
791 2785 931 2852 griechisch
946 2781 1065 2853 ἀσθενὴς
1082 2806 1178 2859 συγκα-

108 2855 180 2918 diam·
203 2871 329 2920 praesens
351 2873 405 2907 esee
422 2861 504 2921 atque
522 2857 620 2920 adesse,
669 2850 792 2907 τάθασις.
818 2853 876 2919 vgt.
893 2855 1179 2920 Aend.t.11,4a:ur-

107 2938 152 2974 nur
187 2921 447 2976 nacbdnlcklicberen
480 2923 621 2976 Hervorhe·
670 2939 760 2974 rorem
786 2927 873 2973 autem
901 2927 927 2974 et
953 2928 1127 2977 temeritatem
1153 2927 1184 2976 et‘

106 2989 178 3056 hung
202 2990 246 3042 der
264 2989 358 3044 Sache:
381 2984 559 3044 ‘unmittelbar
579 3007 622 3058 ge·
671 2993 856 3054 ignorantiam
888 2997 914 3042 et
940 2995 1179 3058 opinationem

108 3059 252 3124 genwirtlg
270 3055 342 3111 sein'.
673 3063 700 3107 et
727 3061 905 3124 suspicionem
932 3065 960 3116 et
988 3077 1042 3112 uno
1071 3066 1179 3114 nomine

142 3126 197 3178 Sed
214 3142 281 3191 quae
298 3128 401 3178 iudicia
424 3132 472 3180 cet.
496 3127 547 3181 Cic.
567 3127 621 3180 will
673 3131 770 3191 omnia,
789 3142 857 3191 quae
871 3133 955 3178 essent
973 3129 1023 3180 ali
1029 3146 1092 3182 ena
1109 3131 1129 3194 f
1130 3135 1141 3182 i
1147 3150 1179 3182 ι·-

107 3193 163 3246 hier
181 3195 227 3245 aui
242 3193 290 3246 den
306 3194 473 3247 Unterschied
491 3195 619 3248 zwischen
670 3210 738 3245 mae
757 3199 787 3244 et
799 3199 987 3248 constantie
1005 3198 1179 3251 adsensio—

109 3262 152 3314 der
167 3261 277 3314 Ansicbt
295 3262 434 3330 Chrysipps
456 3263 507 3316 und
525 3263 569 3315 der
584 3264 620 3316 al-
670 3265 726 3313 nis
743 3262 777 3322 (d.
795 3263 812 3314 i.
837 3260 1035 3333 συγκατάθεσις
1058 3261 1179 3336 ἀσφαλὴς

109 3337 180 3382 taren
205 3328 308 3382 Stailaer
329 3330 483 3394 blnweisen‚
507 3332 620 3384 insolern
670 3331 716 3381 καὶ
737 3326 931 3398 ἀμετάπτωτος
954 3333 1015 3386 oder
1036 3332 1179 3401 ἐπιστήμη)

109 3399 179 3450 diese
197 3396 238 3449 die
252 3401 425 3464 perturbatio
437 3415 487 3450 von
506 3398 550 3451 der
563 3403 619 3466 opi·
670 3401 796 3450 aoirtute
806 3403 990 3467 sapientiaque
999 3402 1087 3468 (Zeno)
1095 3419 1179 3454 remo-

108 3469 155 3516 nio
164 3466 361 3519 unterscbieden
372 3466 423 3519 und
433 3466 470 3518 als
480 3466 530 3518 den
539 3467 619 3520 durch
669 3470 754 3520 nebat.

109 3534 146 3585 sle
162 3533 394 3600 bervargeruienen
404 3534 620 3588 Gemutszustand
706 3538 746 3589 15.
757 3535 906 3587 invidentia
917 3527 1116 3598 ‘Scheelsucbt'‚·
1132 3536 1179 3588 mit

109 3599 423 3668 (Niedergeschlagenbelt
434 3599 550 3669 συστολὴ
566 3603 618 3656 und
669 3601 804 3656 derselben
822 3602 984 3670 Bernerkung
1001 3603 1082 3656 sebon
1097 3603 1134 3656 111.
1155 3607 1178 3667 9,

108 3669 240 3736 Erregung
271 3673 393 3741 ἔπαρσις)
427 3671 618 3735 bezeichneten,
670 3673 711 3725 20.

110 3737 233 3789 wibrend
256 3739 331 3802 jener
357 3737 398 3791 die
424 3741 515 3804 opinio
538 3739 618 3791 selbst
706 3742 744 3793 16,
763 3743 793 3791 in
811 3758 841 3792 eo
866 3769 896 3778 -
916 3739 1024 3790 dicitur.
1059 3737 1117 3805 Vgl.
1140 3739 1178 3795 111.

111 3805 191 3859 sebon
208 3805 249 3857 liu
268 3805 309 3859 die
323 3805 500 3871 Leidenschalt
518 3808 618 3860 ansleht
670 3809 711 3871 26,
721 3810 767 3860 62ι
786 3810 816 3859 in
834 3825 885 3873 quo
903 3807 1020 3869 facetum
1036 3805 1106 3858 illud
1116 3806 1179 3860 Bio-

110 3873 162 3927 und
191 3873 269 3926 sumit
298 3874 339 3926 dle
365 3874 540 3940 Aulserungen
573 3876 618 3927 der
669 3877 713 3925 nie
733 3879 778 3940 (sc.
798 3877 972 3940 dictumest).

183 2585 225 2634 eiu
242 2583 415 2635 inveteratae
433 2587 457 2648 (e
480 2590 551 2649 arri).
582 2585 618 2638 Zu
667 2582 769 2647 jektiue
789 2577 967 2652 Vorstellung'
991 2602 1049 2646 aus;
1073 2602 1094 2639 s.
1113 2588 1178 2640 auch
