2822 4462
469 223 562 276 nene
580 229 599 279 1.
618 228 659 292 aa,
679 228 719 280 te.
738 229 779 280 te.
799 229 840 280 es.
1155 226 1195 284 79

112 394 320 459 dimittamus?
343 416 395 459 eos
410 397 493 471 dico,
511 398 562 478 qui
578 398 663 459 aiunt
677 416 799 460 manere
815 398 939 474 animos,
955 419 1023 463 cum
1040 418 1055 460 e
1072 418 1198 480 corpore

113 482 316 555 excesserint,
340 483 391 544 sed
409 503 469 544 non
485 502 615 564 semper.
646 482 679 543 A.
697 483 771 546 lstos
792 503 879 559 vero,
903 487 969 565 qui,
992 484 1072 566 quod
1087 493 1148 546 tota
1168 485 1197 547 in

113 571 164 630 hac
187 585 280 629 causa
305 567 511 630 difficillimum
534 577 593 643 est,
617 568 788 647 suscipient,
812 589 900 651 posse
922 571 1054 632 animum
1078 589 1198 632 manere

114 671 241 733 corpore
257 662 424 727 vacantem,
440 653 511 716 illud
528 663 635 730 autem,
652 655 731 732 quod
747 674 808 716 non
826 655 915 717 modo
929 657 1013 718 facile
1025 655 1061 718 ad
1073 656 1198 717 creden-

83 747 94 794 5
114 739 181 800 dum
198 746 264 810 est,
281 739 334 799 sed
350 758 385 801 eo
401 757 561 814 concesso,
577 739 656 818 quod
674 739 791 814 volunt,
807 759 1011 820 consequens,
1026 742 1053 803 id
1070 743 1198 802 circum-

115 824 214 887 cidant
229 832 275 898 ut,
293 842 361 885 cum
377 824 427 885 diu
443 826 649 905 permanserit,
666 841 704 885 ne
720 824 856 886 intereat.
884 826 925 887 M.
939 827 1019 889 Bene
1034 827 1198 908 reprehen-

116 910 166 985 dis,
183 918 214 971 et
230 927 264 970 se
280 909 338 970 isto
361 910 449 970 modo
465 928 513 972 res
528 910 624 976 habet

199 994 363 1056 Credamus
379 995 470 1075 igitur
484 996 625 1057 Panaetio
640 1013 657 1054 a
673 993 795 1055 Platone
807 1013 861 1056 suo
872 995 1079 1059 dissentienti?
1103 996 1198 1069 Quem
1222 1011 1252 1060 79

116 1080 194 1140 enim
211 1079 356 1141 omnibus
370 1080 445 1142 locis
460 1080 607 1155 divinum,
624 1098 712 1160 quem
728 1080 995 1159 sapientissimum,
1010 1101 1097 1162 quem
1113 1100 1199 1144 sanc·

74 1173 97 1220 10
115 1165 280 1239 tissimum,
304 1184 391 1244 quem
408 1165 570 1227 Homerum
586 1164 831 1246 philosophorum
847 1165 989 1245 appellat,
1011 1168 1101 1229 huius
1122 1167 1200 1227 hanc

116 1269 205 1311 unam
222 1247 404 1312 sententiam
420 1251 456 1312 de
479 1251 698 1313 immortalitate
713 1250 881 1311 animorum
896 1270 958 1312 non
975 1252 1090 1331 prohat.
1133 1252 1201 1313 Volt

117 1337 205 1408 enim,
224 1336 305 1414 quod
321 1354 410 1397 nemo
425 1346 520 1415 negat,
533 1335 675 1417 quicquid
689 1345 789 1396 natum
802 1337 839 1397 sit
853 1336 992 1411 interire;
1008 1338 1089 1398 nasci
1102 1346 1199 1398 autem

117 1421 249 1496 animoa,
267 1420 347 1500 quod
363 1421 492 1483 declaret
507 1440 610 1484 eorum
626 1421 802 1494 similitudo,
827 1421 876 1500 qui
893 1433 1108 1502 procreentur,
1125 1440 1200 1500 quae

118 1507 206 1568 etiam
222 1507 253 1566 in
272 1506 415 1584 ingeniis,
439 1526 501 1568 non
525 1508 621 1569 solum
638 1507 669 1568 in
686 1506 863 1585 corporibus
878 1517 1027 1588 appareat.
1072 1507 1200 1568 Alteram

74 1598 98 1646 15
117 1600 215 1653 autem
233 1590 330 1652 adfert
343 1593 507 1667 rationem,
531 1593 605 1654 nihil
628 1592 786 1670 essequod
803 1593 914 1666 dolcat,
938 1592 1008 1671 quin
1033 1593 1061 1654 id
1078 1611 1199 1672 aegrum

118 1695 181 1738 esse
198 1694 321 1755 quoque
336 1677 444 1757 possit;
468 1678 547 1758 quod
563 1687 660 1740 autem
676 1677 706 1737 in
724 1676 860 1738 morbum
888 1678 981 1752 cadat,
1004 1679 1032 1739 id
1048 1679 1136 1740 etiam
1151 1679 1201 1738 in-

118 1763 294 1836 teriturum3
311 1762 412 1824 dolere
428 1773 524 1824 autem
541 1764 666 1837 animos,
683 1781 753 1840 crgo
770 1762 856 1822 etiam
871 1763 1004 1824 interire.

204 1847 287 1909 llaec
301 1848 396 1908 refelli
411 1857 548 1928 possunt.
579 1849 656 1908 Sunt
671 1846 750 1908 enim
773 1847 954 1924 ignorantis,
971 1866 1038 1909 eum
1054 1847 1090 1908 de
1106 1854 1200 1908 aeter·
1213 1859 1252 1916 33

119 1998 216 2061 laesen)
234 1998 287 2063 vgl.
306 1997 338 2049 de
357 2013 393 2050 or.
406 1997 445 2050 lIl.
459 2000 499 2065 16,
509 2001 555 2051 ot:
575 1998 635 2062 Quo
686 1997 771 2049 blotse
783 1995 863 2062 Folge
881 1997 1045 2063 engedeutet,
1063 2012 1092 2048 so
1112 1996 1200 2048 wdrde

119 2083 148 2117 re
160 2068 227 2117 ictos
239 2067 408 2132 (Epicureos)
422 2071 480 2118 eine
497 2067 555 2119 ulle
573 2081 633 2117 con·
686 2064 733 2116 der
744 2064 825 2130 Regel
838 2065 903 2116 nach
915 2070 946 2116 ut
958 2081 1013 2118 non
1025 2065 1125 2118 stehen.
1137 2063 1196 2131 Vgl.

120 2135 232 2186 tremelio
250 2135 431 2195 dimittamus:
451 2135 523 2187 cbds.
538 2137 578 2199 18,
588 2137 633 2186 65:
686 2131 724 2186 lll.
744 2135 784 2196 33,
804 2136 850 2195 81;
871 2132 899 2185 V.
919 2135 959 2197 13,
978 2137 1019 2188 39.

119 2202 227 2254 Stoicos
249 2207 340 2253 eutem
363 2219 428 2269 quoe
454 2206 563 2255 minime
586 2206 634 2253 tm·
720 2201 791 2252 Beroe
808 2203 994 2268 reprehendis,
1018 2219 1038 2256 s.
1057 2219 1089 2254 au
1107 2200 1138 2255 V.
1157 2204 1198 2264 37,

117 2274 213 2337 prodo,
231 2271 339 2322 dimitto
359 2276 454 2324 tamen.
688 2272 749 2324 toa:
767 2271 848 2322 stulte
866 2275 1025 2338 anteposuit.

154 2341 178 2392 2.
208 2339 277 2390 Istos
304 2355 366 2390 aero
397 2355 432 2392 sc.
456 2340 633 2399 dimittamue3
721 2339 745 2392 8.
764 2341 901 2405 Panaetio,
927 2355 948 2392 s.
979 2339 1130 2403 eu18,42.
1165 2337 1199 2388 Er

120 2409 173 2473 vgl.
191 2423 215 2458 z.
230 2411 271 2471 ll,
285 2410 331 2459 25:
351 2423 421 2462 vero.
687 2405 789 2458 echrieb
814 2421 895 2473 gegen
915 2405 1003 2459 Platos
1021 2406 1127 2459 Peteon
1146 2406 1198 2457 nnd

154 2478 202 2540 put
219 2504 253 2514 —
270 2478 428 2542 meetptant,
446 2473 635 2535 sedelenden·
686 2474 736 2538 gab
749 2475 784 2525 im
797 2475 940 2540 degenerata
954 2492 984 2528 au
999 2476 1083 2526 seiner
1095 2474 1198 2536 Schule,

120 2544 191 2608 dum,
206 2545 257 2595 wie
269 2543 301 2596 dc
313 2542 392 2597 divin.
405 2543 433 2597 ll.
444 2547 485 2610 40,
496 2545 540 2596 at:
560 2543 634 2607 Quae
685 2541 785 2594 welche
798 2543 855 2595 eine
863 2542 1037 2608 Vernichtung
1048 2543 1094 2594 der
1106 2541 1198 2594 Seelen

119 2617 143 2663 ei
160 2613 349 2677 concipiamus,
364 2613 441 2678 pedis
458 2613 569 2675 offensio
587 2626 634 2662 no·
685 2613 738 2661 erst
764 2610 807 2661 bei
834 2611 916 2662 einem
944 2610 1124 2674 Weltbrende‚
1153 2609 1198 2661 der

119 2683 245 2731 die-et
261 2685 472 2732 sternutamento
492 2683 573 2730 erunt
590 2682 633 2729 od·
661 2711 664 2716 -
686 2681 850 2746 tundentur,
877 2679 1000 2743 ennahm‚
1027 2694 1074 2729 nur
1100 2679 1141 2729 ein
1168 2692 1197 2728 so

120 2749 264 2800 seruando.
685 2745 775 2810 langes
791 2745 927 2797 Fortlehen
946 2744 1081 2796 derselben
1099 2761 1139 2808 au,
1158 2744 1197 2794 bis

153 2816 217 2870 5.ίά
225 2805 634 2877 cirmemetdent'besclrrinken',
686 2813 724 2864 sie
749 2813 814 2864 necti
837 2812 894 2864 dem
913 2812 1050 2864 Verleasen
1072 2811 1117 2864 des
1135 2811 1197 2864 Kor-

120 2884 197 2938 ndml.
212 2883 351 2949 dieewigc
365 2883 505 2936 Fortdeoer
519 2881 634 2933 oderdie
685 2895 745 2948 pere
774 2897 806 2932 an
837 2880 894 2933 dem
928 2882 1006 2933 ihnen
1035 2880 1198 2946 homogenen

122 2951 386 3019 Unvergingliehkeit
407 2952 452 3003 der
470 2950 553 3014 seclo,
571 2949 596 3004 d.
609 2950 634 3001 h.
686 2949 819 3000 Elementc
841 2949 994 3016 gelengten,
1019 2949 1046 3000 in
1073 2948 1132 3000 dem
1160 2949 1198 2999 sie

117 3021 161 3072 die
189 3020 332 3072 Fortdaner
358 3019 494 3072 deraelhen
517 3019 565 3070 mit
591 3018 636 3069 der
687 3016 754 3068 deun
781 3019 959 3085 untergingen.
1000 3015 1027 3070 S.
1055 3017 1119 3070 ench
1147 3017 1197 3068 den

121 3088 324 3155 Beschrinkung
342 3089 500 3153 einriumen,
522 3086 579 3138 dats
597 3087 635 3138 sie
687 3085 746 3138 luit.
765 3085 831 3137 dnh.

120 3158 193 3209 nicht
212 3157 281 3222 ewig
300 3157 345 3209 sei.
383 3156 439 3223 Vgl.
458 3154 529 3210 acad.
547 3155 575 3207 ll.
595 3157 636 3214 45,
721 3155 746 3206 9.
772 3157 976 3205 sanctissimum
1006 3154 1055 3206 den
1082 3153 1196 3206 eltrwdr-

122 3227 183 3278 138:
207 3226 373 3293 Cdrpeippue
386 3253 418 3263 -
431 3224 600 3276 circumcidit
611 3228 638 3274 et
688 3221 798 3288 digstcn.

120 3298 247 3359 amputat
261 3293 461 3344 multitudinem
482 3294 637 3357 (sententie-
724 3292 763 3342 to.
781 3292 862 3341 dutus
874 3293 944 3342 dane
961 3307 1043 3343 uuam
1061 3294 1110 3344 cet.
1146 3291 1197 3342 Cic.

120 3365 202 3426 rum).
220 3389 255 3401 -
272 3362 306 3412 Id
322 3362 412 3412 nimmt
430 3360 475 3411 dae
487 3361 580 3411 vorher
592 3375 636 3424 ge·
687 3359 732 3410 lrat
744 3361 824 3410 leuius
842 3358 883 3410 lt'u
894 3362 953 3410 eius
970 3363 1078 3424 gesetzt,
1096 3374 1139 3409 nm
1158 3359 1198 3409 die

120 3436 205 3482 setete
223 3430 296 3481 illud
313 3428 409 3481 wieder
427 3429 478 3490 aut,
501 3429 551 3479 wie
569 3427 635 3478 Ptril.
688 3426 801 3478 heliebte
823 3425 948 3478 Peratexe
971 3428 1066 3478 zweier
1089 3425 1198 3476 Formen

120 3496 150 3550 ll.
161 3501 202 3562 ta,
213 3500 259 3550 30:
282 3497 336 3560 ille,
355 3501 403 3562 qui
414 3498 559 3548 stillantem
567 3512 635 3562 prae
688 3494 824 3547 desselben
836 3494 913 3547 Pron.
925 3512 956 3547 eu
969 3495 1124 3560 genimen.-
1138 3491 1197 3558 Vgl.

120 3583 149 3616 ee
163 3569 314 3632 pugionem
333 3565 403 3628 tulit,
421 3569 445 3616 te
459 3581 475 3616 a
488 3569 513 3614 te
525 3566 635 3615 leonem
690 3565 731 3626 11,
749 3565 790 3616 24.

122 3648 205 3684 cauea
223 3637 401 3685 nominatur?
612 3654 615 3659 ·
724 3633 764 3684 13.
771 3645 863 3681 eorum
875 3629 1031 3694 similitudo,
1037 3643 1072 3680 ee.
1084 3645 1152 3694 quae
1161 3631 1200 3679 ete
1215 3665 1218 3672 .

157 3705 180 3757 6.
210 3708 243 3753 ut
258 3729 294 3742 —
311 3717 358 3763 ne,
393 3716 443 3753 von
475 3716 636 3767 consequens
689 3704 728 3749 eet
744 3715 805 3749 cum
820 3699 987 3764 parentibus.

122 3769 195 3834 abd,
222 3771 257 3822 ist
280 3773 393 3834 gesetnt,
416 3770 476 3820 weil
500 3769 542 3820 die
564 3767 636 3820 Fort·
717 3769 755 3819 18.
767 3766 915 3818 Suntcntm
924 3767 1079 3829 t'gnorame'r
1088 3769 1136 3816 cet
1148 3764 1198 3815 cie.

121 3837 201 3890 dener
218 3837 264 3890 der
283 3836 358 3888 Seele
376 3837 433 3888 dem
444 3836 573 3888 Wunsclre
591 3836 637 3888 dea
690 3834 824 3900 widerlegt
837 3833 882 3883 dea
897 3833 987 3883 aweite
1000 3833 1142 3897 Argument
1154 3832 1199 3882 des

123 3905 263 3958 Redenden
294 3905 444 3970 entspriclrt.
490 3903 565 3956 W'dre
595 3904 636 3955 die
688 3899 811 3953 Pandtins
823 3905 917 3965 aderat,
930 3897 1004 3952 heide
1017 3901 1077 3952 aber
1089 3901 1135 3951 mit
1147 3898 1197 3950 sol·
