2800 4476
445 251 860 320 mmummmmm
1124 254 1186 314 ut

20 437 22 442 '
117 427 215 500 Dabit,
239 426 375 506 inquam,
391 445 423 488 se
437 427 468 488 in
485 434 633 489 tormenta
648 425 706 504 vita
721 425 821 503 beata,
838 447 894 490 nec
909 426 1058 504 iustitiam,
1073 437 1188 509 tempe·

117 512 242 573 rentiam
254 511 284 573 in
300 511 464 592 primisque
478 512 691 586 lentitudinem,
708 512 940 594 magnitudinem
956 513 1056 588 animi,
1072 513 1189 593 potien-

118 598 186 658 tiam
209 607 380 676 prosecuta,
403 615 472 658 cum
492 597 614 659 tortoris
629 615 663 658 os
677 597 794 672 viderit,
816 597 959 660 consistet
973 598 1189 678 virtutibusque
1232 637 1235 644 ,

119 682 258 745 omuibus
278 682 343 744 eine
365 684 424 743 ullo
447 683 536 744 animi
562 691 674 743 terrore
689 683 723 742 ad
740 683 902 746 cruciatum
918 683 1059 764 proiectis
1073 678 1206 746 resistet

82 776 96 826 5
119 777 198 829 extra
213 768 301 841 loris,
322 776 357 829 ut
371 776 440 829 ante
455 768 529 843 dixi,
550 767 701 846 limenque
717 768 853 830 carceris.
887 767 965 840 Quid
981 769 1061 830 enim
1077 787 1110 830 ea
1126 770 1189 830 loe·

119 853 192 927 dius,
209 853 280 933 quid
296 853 457 916 deformius
472 855 533 915 sola
548 853 667 926 relicta,
686 871 702 913 a
718 853 858 914 comitatu
873 853 1072 934 pulcherrimo
1088 872 1189 935 segre-

72 947 74 953 ’
117 937 204 1018 gata‘l
220 939 298 1018 quod
311 947 410 1000 tamen
422 939 487 1000 lieri
500 938 582 1000 nullo
594 947 681 1020 pacto
693 947 805 1018 potest;
822 957 878 1000 nec
893 939 972 1000 enim
988 940 1111 1002 virtutes
1126 940 1190 1009 sine

117 1024 200 1085 beata
226 1024 283 1085 vita
309 1025 469 1086 cohaerere
495 1033 622 1104 possunt
644 1041 699 1086 nec
722 1022 771 1084 illa
793 1023 857 1085 sine
878 1024 1045 1086 virtutibus.
1089 1025 1192 1105 ltaque
1214 1035 1243 1087 et

118 1128 181 1170 eam
196 1119 243 1170 ter
264 1109 383 1191 iversari
401 1129 461 1170 non
486 1109 586 1171 sinent
601 1127 762 1188 secumque
777 1109 905 1188 rapient,
921 1110 955 1170 ad
971 1127 1190 1190 quemcumque

70 1201 95 1253 m
116 1195 194 1274 ipsae
220 1196 258 1256 do
270 1187 352 1256 orem
374 1195 597 1276 cruciatumque
616 1195 772 1256 ducentur.
802 1193 950 1274 Sapientis
965 1202 1010 1255 est
1025 1195 1105 1257 euim
1119 1215 1190 1276 pro-

117 1280 215 1360 prium
231 1279 313 1355 nihil,
330 1281 409 1359 quod
424 1280 577 1359 paenitere
592 1279 695 1359 possit,
711 1281 822 1352 lacere,
845 1279 919 1341 nihil
934 1279 1073 1354 invitum,
1089 1281 1189 1360 splen-

117 1365 198 1440 dide,
222 1374 408 1440 constanter,
431 1365 574 1444 graviter,
595 1366 721 1426 honeste
737 1365 850 1440 omnia,
877 1363 951 1425 nihil
965 1362 1004 1424 ita
1021 1373 1190 1446 exspectare

117 1451 199 1529 quasi
223 1459 305 1511 certo
328 1451 478 1525 futurum,
502 1451 575 1512 nihil
590 1469 658 1512 eum
675 1450 814 1512 acciderit
829 1448 981 1521 admirari,
1005 1457 1038 1510 ut
1052 1449 1191 1529 inopina·

115 1543 178 1595 turn
201 1553 235 1597 ac
256 1553 366 1597 norum
381 1535 522 1597 accidisse
537 1535 683 1610 videatur,
707 1535 805 1595 omnia
820 1536 856 1596 ad
872 1551 959 1596 suum
974 1533 1127 1596 arbitrium
1142 1553 1191 1596 re·

69 1627 94 1677 15
115 1621 210 1693 serre,
237 1621 298 1683 suis
323 1633 400 1683 stare
430 1620 555 1682 iudiciis.
600 1621 666 1691 Quo
688 1620 759 1700 quid
775 1621 813 1681 sit
827 1619 950 1693 beatius,
968 1619 1038 1680 milri
1060 1619 1189 1682 certain

117 1715 248 1768 mentem
269 1707 370 1768 venire
395 1725 456 1768 non
472 1714 579 1786 potest.
613 1705 783 1768 Stoicorum
799 1705 917 1785 quidem
933 1704 1024 1765 lacilis
1040 1705 1191 1766 conclusio
1213 1715 1242 1767 82

116 1800 176 1867 est,
198 1791 250 1871 qui
272 1811 338 1854 cum
362 1793 452 1853 tinem
475 1791 624 1854 bonorum
641 1809 705 1852 csse
721 1791 870 1852 senserint
884 1807 1052 1870 congruere
1068 1798 1190 1851 naturae

116 1895 245 1956 cumque
267 1896 300 1938 ea
322 1877 536 1938 convenienter
555 1877 667 1951 vivere,
689 1894 756 1937 cum
781 1875 810 1935 id
831 1876 869 1938 sit
889 1875 919 1938 in
946 1875 1087 1955 sapientis
1101 1876 1190 1937 situm

118 1981 177 2023 non
199 1962 298 2024 ollicio
314 1962 425 2037 solum,
447 1981 548 2023 verum
565 1961 652 2023 etiam
667 1969 826 2041 potestate,
842 1971 984 2040 sequatur
999 1978 1120 2022 necesse
1137 1969 1190 2034 est,

67 2052 95 2104 20
116 2055 157 2122 ut,
173 2047 259 2110 cuius
273 2047 302 2109 in
316 2054 461 2128 potestate
476 2039 623 2110 summum
638 2045 761 2117 bonum,
777 2045 807 2106 in
825 2045 955 2107 eiusdem
970 2046 1027 2105 rita
1042 2045 1127 2106 beata
1143 2046 1189 2106 sit.

116 2131 159 2193 lta
185 2134 220 2193 lit
242 2151 360 2213 semper
386 2133 442 2195 vita
463 2133 547 2194 beata
569 2131 719 2212 sapientis.
758 2130 856 2192 Habes
877 2149 952 2210 quae
974 2130 1130 2192 fortissime
1154 2129 1189 2191 de

115 2216 201 2279 beata
215 2217 274 2279 rita
289 2218 347 2280 dici
361 2227 463 2300 putem
479 2226 517 2292 et,
532 2237 592 2298 quo
608 2218 697 2280 modo
714 2235 795 2279 nunc
811 2225 864 2291 est,
880 2215 937 2278 nisi
952 2215 1023 2295 qnid
1038 2223 1070 2278 tu
1086 2215 1190 2278 melius

115 2302 258 2378 attuleris,
274 2304 363 2365 etiam
378 2303 538 2366 verissime.
591 2309 593 2314 '

205 2388 238 2449 l.
261 2387 364 2450 Melius
386 2390 523 2468 equidem
545 2387 660 2449 adferre
684 2387 756 2448 nihil
777 2403 914 2466 possum,
935 2385 986 2447 sed
1008 2396 1074 2446 ate
1096 2385 1189 2466 impe·
1202 2391 1242 2448 29

66 2479 93 2530 25
114 2474 216 2534 trarim
241 2473 368 2535 libenter
387 2485 433 2548 ut,
456 2475 513 2535 nisi
534 2473 690 2534 molestum
706 2473 758 2546 sit,
780 2472 920 2550 quoniam
934 2479 963 2532 te
980 2472 1060 2532 nulla
1074 2471 1190 2533 vincula

152 2595 176 2644 1.
194 2590 278 2640 Dabit
293 2607 328 2654 sc,
346 2591 398 2655 rgl.
417 2607 448 2642 zu
465 2591 483 2642 l.
501 2594 526 2654 4,
544 2595 568 2644 l.
714 2592 754 2640 11.
763 2587 1129 2652 senserint=iudieanariat‚
1140 2589 1190 2641 wie

151 2661 175 2710 3.
197 2659 336 2722 considet,
358 2658 396 2708 als
420 2657 554 2723 Gegenteil
576 2672 629 2709 rou
679 2656 757 2707 dead.
775 2656 830 2717 16,
849 2658 895 2707 22ε
914 2658 1001 2705 omnia
1012 2655 1060 2707 illa
1077 2659 1190 2721 antiqua

112 2729 258 2793 prosecuta
278 2717 382 2777 ‘slehen
394 2717 517 2786 bleibeu’;
532 2726 628 2777 ebeuso
675 2725 848 2790 philosophia
868 2725 951 2773 sauia
971 2725 1001 2772 in
1017 2738 1073 2773 aaa
1090 2727 1191 2774 virtute

117 2792 229 2845 necbber
246 2795 361 2844 resistet.
681 2808 734 2842 esse
749 2793 864 2856 positam
880 2793 985 2841 beatam
1002 2792 1095 2852 nitam;
1113 2790 1190 2844 Tusc.

151 2863 175 2914 5.
193 2865 303 2911 utente
320 2862 391 2912 dotet:
410 2861 476 2913 oben
496 2863 519 2925 5,
538 2861 579 2912 13.
680 2860 747 2924 disp.
764 2858 792 2909 ll.
810 2861 834 2922 3,
853 2861 905 2911 lu.
919 2860 942 2910 8.

151 2932 175 2983 8.
193 2931 343 2992 cohaerere,
363 2928 411 2981 wie
428 2928 467 2980 lll.
486 2931 527 2994 25,
545 2929 586 2980 61.
675 2931 683 2946 ’
716 2941 864 2991 congruere
879 2929 1001 2978 caturae.
1032 2923 1089 2992 vgl.
1103 2923 1190 2980 defin.

152 3001 191 3052 11.
211 2998 283 3064 quod
297 3013 345 3050 vor
355 3000 493 3065 paenitere
504 2997 538 3048 ist
549 2997 627 3048 eben·
676 2995 755 3060 1119,
773 2997 817 3046 31:
837 2995 1026 3045 convenienter
1041 3009 1191 3059 congruen-

116 3081 146 3118 sc
160 3067 210 3117 wie
230 3068 269 3130 18,
287 3069 320 3119 53
337 3067 409 3118 nibil
426 3066 470 3117 der
486 3066 546 3116 Ace.
678 3069 771 3128 terque
791 3067 907 3112 naturae
923 3065 1021 3113 ninere.

150 3137 277 3185 invitum:
301 3134 333 3185 de
356 3139 420 3186 stete
443 3133 484 3185 die
502 3129 628 3185 Ve'rnnnlt
714 3134 755 3184 21.
764 3130 857 3190 Habeo,
872 3129 920 3182 wie
932 3128 950 3182 l.
963 3132 1005 3196 49,
1019 3132 1080 3191 119;
1093 3129 1131 3182 lll.
1150 3132 1189 3194 l'l,

116 3201 194 3254 allein
217 3203 288 3254 seine
309 3201 476 3254 Eutacbldsse
499 3201 630 3254 beatimmt
681 3201 726 3260 38;
744 3197 786 3250 lV.
801 3200 840 3262 14,
854 3199 895 3252 33.

116 3269 169 3321 und
193 3285 221 3322 er
244 3285 295 3322 von
314 3270 455 3336 jeglicbem
472 3268 560 3321 Allelrt
581 3267 630 3321 lrei
714 3266 859 3329 fortissime
871 3258 910 3317 ‘in
928 3265 973 3318 der
990 3267 1061 3319 eines
1077 3269 1121 3317 vir
1132 3264 1190 3326 for-

116 3337 210 3399 bleibt3
239 3339 375 3405 splendide
401 3367 434 3376 -
457 3341 558 3390 omnia:
586 3336 630 3389 der
682 3338 717 3386 tia
735 3334 891 3401 wdrdigsten
910 3327 1014 3387 Weise'.

116 3405 248 3459 Gbiasmus
277 3406 370 3460 erbdht
396 3406 444 3459 deu
470 3404 629 3458 Nacbdruck.
715 3405 757 3458 22.
767 3419 818 3469 qao
827 3404 906 3454 modo
915 3418 987 3453 auae
997 3407 1042 3466 est,
1054 3401 1079 3453 d.
1088 3401 1114 3452 h.
1124 3400 1190 3452 nach

151 3476 192 3528 13.
211 3477 282 3527 nibil
300 3505 332 3514 —
350 3476 491 3541 admirari,
520 3474 572 3540 vgl.
591 3473 629 3526 lll.
681 3486 791 3524 unseren
810 3470 955 3536 bisberigen
973 3469 1188 3534 Betrachtungen.

118 3545 158 3607 14,
176 3545 221 3605 303
233 3549 266 3594 ut
276 3544 409 3610 videatur,
427 3545 477 3596 wie
489 3543 516 3594 ll.
532 3545 570 3608 19,
584 3544 630 3595 45:
716 3543 757 3593 24.
766 3541 935 3605 impetrarim
948 3539 1060 3589 libenter
1070 3542 1108 3589 at.
1128 3534 1190 3588 llar-

117 3615 149 3660 ut
164 3615 256 3664 aetam.
681 3608 728 3660 eui
737 3607 814 3660 sollte
826 3607 938 3659 neohher
954 3610 1023 3658 elwa
1040 3606 1070 3657 ia
1085 3621 1127 3656 noa
1143 3606 1190 3656 do·

153 3681 193 3732 te
219 3681 257 3731 ad
275 3682 419 3732 arbitrium
441 3679 544 3740 referre
561 3671 629 3730 ‘sein
682 3692 750 3741 oeae,
768 3691 843 3741 quem
860 3675 1014 3726 admodum
1025 3677 1074 3725 etc.
1093 3673 1188 3739 lolgeu.

119 3749 175 3799 arb.
194 3763 251 3799 rum
265 3748 357 3801 Geseta
371 3749 411 3800 ldr
422 3749 487 3800 alles
504 3737 630 3814 machen',
680 3744 758 3795 Datur
776 3743 837 3795 hebt
855 3743 943 3795 dicero
961 3742 1006 3794 der
1017 3739 1190 3795 lientlicblreit

118 3829 139 3866 a.
157 3831 189 3867 zu
207 3819 249 3879 25,
267 3820 308 3871 m.
681 3827 771 3877 wegen
796 3825 847 3863 ron
871 3825 962 3863 nenena
986 3825 1032 3862 an:
1059 3811 1090 3861 id
1112 3812 1190 3862 naim

152 3885 191 3936 15.
203 3890 276 3936 ctare
287 3885 404 3949 iudiciis,
416 3884 468 3950 rgl.
485 3882 514 3938 ll.
527 3885 569 3946 26,
583 3885 629 3945 63;
680 3881 782 3932 audire.

118 3951 228 4016 beamus,
246 3968 267 4005 a.
285 3967 317 4004 an
336 3954 377 4015 25,
396 3954 436 4004 12.
715 3949 822 4002 tuate
832 3945 970 3998 momorum
983 3947 1066 4013 sitin.
1079 3947 1149 4011 §882
1166 3949 1191 3994 τ’

167 4033 245 4079 cicero
260 4035 351 4078 Tnacnl.
366 4033 394 4078 11.
419 4033 510 4079 911111.
955 4035 986 4085 10
