2790 4476
437 233 532 287 ιιιιιιιι
548 234 577 288 ιι
595 238 637 302 nr,
657 238 697 290 ιι.
715 237 756 289 ua.
773 237 814 302 ra,
833 238 874 289 cr.
1133 237 1193 294 141

1 469 2 474 γ
110 403 198 485 plicii
209 405 384 485 deprecatus
395 416 441 468 est
452 426 551 487 neque
563 408 717 470 recusarit.
745 407 882 470 Callanus
894 405 994 488 lndus,
1009 408 1148 472 indoctus
1160 429 1194 472 ac

1 511 2 556 ξ
109 489 268 566 barbarus,
289 492 320 554 in
343 493 493 556 radicibus
509 493 631 556 Caucasi
653 501 751 567 natus,
774 512 826 555 sua
848 493 1001 554 voluntate
1014 495 1097 556 vivus
1112 513 1194 556 com·

110 576 222 637 hustus
237 584 290 639 est.
320 578 391 654 Nos,
407 580 432 641 si
446 596 499 660 pes
514 579 677 653 condoluit,
697 579 822 654 sidens,
842 578 905 657 [sed
920 579 1077 640 factotum
1093 580 1194 642 dolere

110 655 238 747 corpus]
259 664 340 725 ferre
362 683 424 725 non
436 682 609 745 possumus.
640 663 750 744 Opinio
767 673 812 725 est
827 664 908 725 enim
922 664 1065 743 quaedam
1081 665 1194 728 effemi-

68 759 85 806 5
110 755 184 807 nata
198 765 233 808 ac
247 747 320 811 levis
337 769 393 811 nec
409 750 439 811 in
455 750 559 812 dolore
573 749 667 828 magis
682 767 771 829 quam
792 749 895 810 eadem
910 749 940 810 in
956 749 1114 828 voluptate,
1138 770 1195 830 qua

109 850 182 893 cum
198 832 392 912 liquescimus
410 835 589 915 fluimusque
605 833 737 907 mollitia,
758 834 821 914 apis
836 834 972 896 aculeum
987 835 1052 898 sine
1067 836 1196 898 clamore

109 918 192 979 ferre
224 938 284 980 non
309 939 479 1001 possumus.
523 921 652 982 atvero
676 918 848 993 (hilarius,
879 920 1048 984 rusticanus
1069 922 1123 994 vir,
1145 923 1197 985 sed
1219 931 1247 981 53

111 1002 203 1082 plane
217 1003 273 1079 vir,
295 1024 364 1066 cum
385 1017 547 1081 secaretur,
562 1016 700 1085 utsupra
716 1004 784 1080 dixi,
805 1005 954 1084 principio
969 1007 1062 1068 vetuit
1076 1026 1109 1069 se
1123 1007 1193 1069 adli-

111 1088 188 1168 gari,
205 1108 264 1150 nec
279 1091 435 1170 quisquam
450 1102 519 1152 ante
530 1091 654 1153 hiarium
671 1090 786 1152 solutus
797 1090 907 1152 dicitur
921 1109 986 1152 esse
997 1099 1107 1154 sectus.
1139 1092 1198 1155 Cur

55 1183 87 1233 ιιι
111 1192 185 1253 ergo
209 1184 315 1254 postea
344 1175 415 1238 alii‘l
457 1176 554 1238 Voluit
575 1177 744 1238 auctoritas.
784 1174 913 1237 Videsne
935 1175 1025 1255 igitur
1047 1177 1198 1256 opinionis

113 1277 189 1334 esse,
213 1279 276 1322 non
299 1271 422 1324 naturae
438 1260 572 1324 malum?
600 1262 639 1323 Et
657 1271 757 1323 tamen
774 1261 866 1323 fuisse
881 1278 980 1322 acrem
996 1279 1130 1324 morsum
1144 1263 1198 1324 do·

113 1344 187 1406 loris
201 1344 283 1407 idem
295 1347 406 1410 Marius
421 1348 564 1429 ostendit;
579 1366 647 1409 crus
662 1347 742 1409 enim
758 1348 885 1408 alterum
902 1364 962 1407 non
979 1346 1125 1426 praebuit.
1155 1348 1197 1409 lta

114 1438 143 1490 et
157 1430 228 1492 tulit
241 1432 377 1494 dolorem
397 1442 431 1494 ut
446 1433 490 1494 vir
505 1443 534 1495 et
548 1442 581 1495 ut
595 1433 684 1494 homo
701 1432 842 1494 maiorem
866 1432 944 1493 ferre
959 1431 1024 1493 sinc
1040 1450 1127 1494 causa
1144 1451 1197 1494 ne-

115 1516 244 1578 cessaria
260 1518 367 1580 noluit.
397 1518 506 1580 Totum
523 1519 613 1597 igitur
629 1519 659 1580 in
673 1537 709 1579 eo
724 1527 778 1592 cst,
794 1526 827 1578 ut
837 1517 891 1578 tihi
906 1517 1044 1595 imperes.
1072 1517 1197 1580 Ostendi

57 1609 89 1658 15
114 1608 215 1661 autem
239 1604 319 1682 quod
342 1612 420 1666 esset
441 1603 606 1684 imperandi
628 1622 733 1683 genus,
754 1612 844 1682 atque
865 1602 939 1663 haec
955 1602 1103 1681 cogitatio,
1127 1603 1197 1684 quid

114 1685 270 1769 patientia,
287 1689 356 1769 quid
372 1688 558 1765 fortitudine,
581 1689 652 1768 quid
667 1688 872 1767 magnitudine
886 1687 977 1748 animi
992 1688 1197 1768 dignissimum

114 1771 164 1846 sit,
187 1791 250 1834 non
273 1775 368 1836 solum
392 1774 523 1836 animum
546 1773 731 1853 comprimit,
760 1774 811 1835 sed
833 1773 932 1853 ipsum
953 1772 1041 1834 ctiam
1064 1774 1197 1836 dolorem

115 1857 220 1919 nescio
236 1877 297 1938 quo
312 1867 400 1939 pacto
415 1860 563 1921 mitiorem
579 1859 658 1920 lacit

204 1943 243 2004 Ut
257 1945 337 2005 enim
353 1946 387 2006 ht
401 1945 432 2006 in
447 1945 572 2025 proelio,
588 1956 622 2005 ut
635 1944 758 2024 ignavus
772 1942 857 2004 miles
868 1961 903 2003 ac
918 1942 1046 2016 timidus,
1061 1943 1151 2005 simul
1164 1963 1199 2005 sc
1211 1944 1249 2000 22

1 2043 12 2090 ·.
55 2036 89 2086 20
113 2027 223 2089 viderit
237 2029 363 2103 hostem,
385 2030 502 2092 abiecto
517 2038 602 2092 scuto
618 2029 719 2109 fugiat,
735 2037 882 2108 quantum
896 2027 999 2107 possit,
1019 2027 1058 2089 oh
1075 2047 1199 2109 eamque
1221 2035 1251 2085 54

117 2131 239 2174 causam
262 2124 365 2195 pereat
386 2135 447 2176 non
471 2132 634 2195 numquam
656 2115 744 2175 etiam
765 2114 884 2193 integro
903 2131 1046 2194 corpore,
1070 2132 1138 2175 cum
1160 2115 1198 2191 ei,

118 2199 171 2277 qui
182 2201 309 2276 steterit,
326 2200 401 2262 nihil
411 2200 469 2262 tale
485 2200 625 2275 evenerit,
641 2199 693 2276 sic,
710 2199 761 2280 qui
777 2199 888 2262 doloris
899 2199 1028 2279 speciem
1044 2200 1122 2261 serre
1136 2219 1198 2263 non

155 2348 323 2416 reatuum,
333 2350 374 2402 ein
384 2351 513 2403 indiseher
521 2350 635 2420 Gymno·
723 2355 762 2404 11.
784 2349 894 2402 malum.
929 2348 1002 2416 Suhj.
1020 2352 1055 2402 ist
1072 2351 1199 2405 doloroso.

118 2416 235 2483 sophist,
258 2419 347 2472 wurde
364 2420 412 2470 mit
428 2419 573 2472 Alexander
592 2419 635 2471 be·
722 2423 762 2473 13.
781 2418 982 2471 retroactorum
999 2422 1049 2470 cet.
1084 2419 1134 2472 Der
1151 2419 1199 2473 (le-

119 2483 247 2537 ireundet.
274 2485 301 2537 ln
319 2488 416 2539 seinem
435 2491 476 2541 13.
489 2486 566 2540 Jahre
584 2489 635 2554 gab
686 2491 792 2554 genesta
818 2486 949 2539 zwischen
968 2489 1016 2538 air
1041 2487 1094 2539 und
1121 2490 1199 2540 domo

119 2568 148 2604 er
161 2567 252 2618 wesen
265 2552 407 2607 Kranlrheit
423 2556 479 2608 sich
491 2557 573 2608 selhst
585 2555 635 2608 den
686 2556 743 2608 tritt
760 2556 815 2608 hier
835 2554 915 2607 durch
937 2554 987 2606 den
1006 2554 1141 2608 Ghiasmus
1157 2573 1201 2609 nm

119 2619 257 2673 Fenertod.
286 2621 636 2689 (truttenhusium.)
686 2639 716 2676 so
734 2623 843 2676 schoner
860 2622 960 2674 hervor.
996 2621 1053 2688 Vgl.
1071 2624 1104 2675 ad
1122 2622 1151 2684 0.
1170 2624 1200 2677 ir.

154 2689 281 2742 indoctus
297 2693 415 2742 actara.
427 2717 461 2737 -ι
474 2708 636 2758 quamquam
685 2691 714 2744 ll.
735 2694 774 2755 11,
786 2693 816 2742 3:
834 2693 925 2741 uirum
942 2694 968 2740 te
981 2693 1085 2756 putabo
1104 2719 1136 2728 —
1155 2693 1200 2743 ho-

118 2757 218 2808 indae
226 2760 374 2823 harderat,
384 2759 463 2811 daher
472 2760 539 2812 ohne
549 2762 635 2811 homo.
686 2763 784 2810 minem
809 2774 865 2810 non
885 2759 995 2824 putabo.
1024 2786 1055 2796 -
1081 2757 1201 2812 Disselhe

157 2827 181 2877 2.
193 2825 328 2878 Caucasus
340 2833 435 2880 nannte
444 2843 504 2880 man
516 2828 582 2880 auch
594 2827 635 2879 die
686 2826 842 2880 deschiehte
854 2824 1199 2882 ansidhrlicherzPlnt.hlar.

119 2893 251 2946 dstlichen
264 2895 467 2961 Fortsetzungen
480 2896 525 2948 des
539 2896 636 2962 eigent·
687 2911 710 2947 c.
732 2897 756 2947 6.

120 2961 207 3013 lichen
219 2961 362 3030 Kaukasos,
371 2964 421 3017 d.i.
432 2965 481 3017 den
490 2963 636 3032 Himaluya;
724 2966 764 3016 lh.
781 2965 855 3024 erret,
867 2976 889 3014 s,
902 2975 935 3011 zu
948 2963 972 3024 2,
982 2964 1011 3014 4:
1025 2967 1122 3025 esron&
1135 2965 1200 3015 haee

120 3028 175 3095 vgl.
197 3028 228 3084 V.
247 3032 288 3096 21,
307 3036 349 3085 11.
688 3033 828 3096 cogitatio,
840 3044 862 3081 s.
873 3044 896 3081 a.
908 3027 927 3082 l.
938 3033 979 3095 19,
988 3033 1033 3084 45:
1053 3031 1127 3084 Haec
1138 3033 1200 3100 pul·

157 3102 182 3150 6.
200 3099 497 3167 flutmmquemolla'te'a.
524 3100 560 3152 So
571 3098 637 3152 Vell.
688 3099 823 3150 chr-itudo.

120 3164 140 3216 l.
153 3167 169 3219 6
181 3182 207 3217 n.
219 3164 249 3218 11.
264 3171 308 3221 88:
325 3171 449 3222 mollitiis
465 3173 505 3233 tt,
526 3167 636 3223 Liv.vll.
723 3171 763 3222 11.
775 3169 1064 3233 animumeomprtmit.
1086 3171 1201 3223 Attienus

121 3236 169 3286 29:
183 3233 252 3286 tuen
263 3237 356 3299 fluore
374 3236 571 3290 Gewdhnlicher
582 3236 636 3298 dit·
687 3237 742 3288 hier
753 3236 788 3287 im
801 3249 912 3302 engeren
925 3233 1004 3286 Sinne
1021 3259 1056 3280 ι
1074 3241 1090 3289 d
1102 3238 1201 3307 depos,

119 3303 215 3364 fluere.
687 3305 729 3357 die
741 3301 929 3368 heidenschalt,
941 3307 985 3354 tra
997 3304 1026 3369 (1.
1038 3308 1078 3370 tu,
1088 3308 1140 3368 20).
1165 3307 1200 3361 So

158 3373 181 3422 1.
190 3373 354 3436 macanos,
371 3373 484 3427 welches
496 3379 569 3426 sonst
588 3389 636 3426 nnr
687 3372 863 3439 p.ltlurc.3,82
881 3374 1002 3423 animum
1013 3376 1129 3438 vincere,
1145 3377 1200 3426 ira-

121 3436 471 3494 diellerkunitheaeiehnet:
482 3457 542 3493 vom
551 3440 636 3494 Lande
688 3440 816 3492 cundiam
833 3441 956 3491 cohibere
967 3468 999 3478 -
1012 3443 1078 3492 haee
1094 3445 1142 3507 qua·
1158 3440 1200 3502 ra·

121 3506 322 3574 herstammend‚
332 3509 423 3560 nimmt
432 3511 487 3562 hier
499 3510 540 3562 die
551 3511 636 3575 (dher-
689 3512 752 3574 etat,
771 3524 831 3559 aum
847 3508 1015 3560 simillimum
1032 3510 1081 3560 deo
1094 3510 1199 3572 tiodiem

123 3575 456 3644 tragenellledeutungvon
465 3581 635 3630 rusticanum
688 3576 747 3629 lior.
761 3577 836 3645 epist.
853 3576 872 3630 l.
883 3577 907 3640 2,
917 3579 962 3630 63:
981 3577 1053 3628 hune
1069 3578 1096 3641 (i.
1107 3592 1128 3630 e.
1142 3582 1201 3630 ani·

119 3642 283 3709 ungehildet,
301 3645 360 3697 d.h.
378 3647 573 3712 philosophiseh
590 3662 637 3699 un·
687 3650 771 3711 mum)
792 3642 893 3709 frenis,
917 3646 988 3695 hune
1015 3650 1044 3695 tu
1067 3661 1200 3712 compesco

120 3710 246 3778 gehildet.
688 3719 794 3766 caterio.
827 3711 884 3778 Vgl.
902 3710 944 3763 lv.
964 3714 1005 3775 18,
1023 3715 1063 3765 41.

155 3781 181 3832 8.
199 3783 232 3830 ut
248 3796 332 3847 supra
350 3782 425 3845 diret,
444 3799 464 3835 s.
485 3786 524 3846 rt,
543 3785 584 3839 35.
722 3784 764 3835 22.
773 3783 900 3847 speeiem,
922 3778 969 3831 das
990 3781 1121 3848 (geistige)
1142 3782 1200 3835 Bild

156 3852 198 3902 10.
218 3854 368 3901 auotoritas
386 3851 431 3902 der
451 3851 636 3918 malsgehende
688 3849 735 3902 des
752 3850 799 3901 mit
817 3849 898 3901 einem
912 3846 1007 3899 Feinde
1019 3851 1200 3916 vergliehenen

107 3915 253 3985 ¹Vorgung,
272 3916 318 3971 das
335 3916 458 3986 Beispiel.
689 3917 847 3983 Schmeraes,
869 3915 985 3968 walchen
1002 3931 1062 3970 man
1079 3918 1199 3974 hominen
