2822 4462
216 238 258 296 54
599 236 694 289 trena
711 237 730 292 1.
752 239 791 302 aa,
809 239 851 290 n.
869 239 913 289 42.

212 429 277 485 suo,
300 410 405 472 doctos
419 429 490 472 sane
505 411 650 484 homines,
674 407 851 484 omittamus,
876 426 1003 488 quorum
1027 408 1101 470 alter
1123 428 1162 470 ue
1178 412 1294 472 condo-

210 495 301 556 luisse
317 496 436 574 quidem
450 515 590 576 umquam
608 495 730 568 videtur,
752 493 802 571 qui
822 494 954 555 animum
970 512 1002 555 se
1018 494 1127 555 habere
1143 513 1206 555 uon
1223 515 1295 558 sen-

210 581 272 654 tiat,
295 580 369 641 alter
396 581 435 644 ita
458 582 619 643 delectatur
647 577 709 641 suis
730 578 881 655 cantibus,
910 588 942 639 ut
964 597 1015 640 eos
1042 579 1131 640 etiam
1160 581 1296 642 adhaec

210 666 373 727 transferre
396 675 530 728 conetur.
567 663 759 727 Harmoniam
782 673 880 725 autem
904 682 940 724 ex
962 663 1126 725 intervallis
1147 683 1295 726 sonorum

211 770 299 812 nosse
326 770 500 830 possumus,
534 770 662 831 quorum
691 747 768 809 varia
796 747 972 828 compositio
999 749 1087 810 etiam
1120 750 1331 813 harmonias5

210 835 302 896 elficit
322 835 425 916 pluris,
448 836 651 898 membrorum
673 851 744 896 vero
767 833 840 896 situs
861 844 893 895 et
907 835 1002 913 figura
1025 835 1160 914 corporis
1184 854 1293 898 vacans

209 921 309 981 animo
325 939 414 1000 quam
429 923 523 1001 possit
537 921 721 983 harmoniam
738 920 857 981 ellicere
874 939 935 982 non
950 918 1045 980 video.
1084 920 1142 982 Sed
1156 920 1207 982 hic
1222 922 1292 1000 qui·

208 1007 285 1080 dem,
301 1007 434 1086 quamvis
448 1007 581 1068 eruditus
596 1007 642 1082 sit,
658 1006 736 1068 sicut
750 1014 804 1079 est,
820 1004 894 1066 haec
910 1003 1050 1084 magistro
1062 1005 1208 1067 concedat
1221 1007 1293 1068 hri·

207 1091 313 1163 stoteli,
330 1110 437 1153 cauere
453 1093 516 1172 ipse
533 1093 646 1154 doceat.
676 1091 757 1152 liene
773 1090 853 1151 enim
868 1090 918 1151 illo
935 1090 1116 1152 Graecorum
1130 1092 1291 1172 proverbio

207 1177 404 1256 praecipitur:
1317 1187 1344 1236 10

373 1260 469 1333 Quam
484 1266 600 1343 patapne
615 1262 695 1322 norit
710 1263 812 1330 drtem,
828 1261 860 1319 in
874 1259 927 1320 bac
941 1277 970 1321 11
985 1261 1124 1323 emirceat.

157 1356 185 1406 42
209 1344 291 1406 lllam
307 1364 377 1407 vero
393 1347 526 1409 funditus
548 1347 688 1407 eiciamus
711 1344 929 1406 individuorum
952 1363 1114 1425 corporum
1137 1345 1245 1407 levium
1261 1357 1291 1408 et

208 1430 406 1493 rotundorum
429 1433 659 1494 concursionem
682 1429 844 1503 fortuitam,
867 1447 957 1508 quam
980 1439 1078 1491 tamen
1101 1431 1289 1494 Democritus

208 1515 438 1577 concalefactam
454 1526 483 1578 et
497 1516 678 1596 spirabilem,
694 1515 723 1576 id
739 1524 784 1576 est
798 1513 966 1590 animalem,
983 1534 1047 1576 esse
1062 1516 1132 1577 volt.

293 1601 320 1662 ls
342 1611 442 1663 autem
456 1602 583 1677 animus,
606 1600 697 1680 quisi
713 1608 757 1662 est
779 1600 887 1662 horum
910 1609 1050 1678 quattuor
1070 1619 1222 1681 generum,
1251 1620 1289 1662 ex
1311 1611 1338 1660 15

207 1801 249 1854 die
262 1801 414 1855 historische
427 1801 605 1868 Reihenlolgo,
617 1802 643 1853 in
658 1800 721 1853 wel·
773 1799 858 1864 Quam
870 1803 922 1852 scit
933 1805 1047 1868 aterque
1060 1801 1150 1866 tibens,
1169 1805 1288 1865 camelo,

207 1870 266 1921 cher
284 1870 325 1921 die
338 1870 478 1922 hnslchleu
496 1870 541 1922 der
559 1869 721 1922 verschiede·

207 1953 257 1990 nen
280 1937 455 2006 Philosophen
482 1939 545 1990 uber
572 1938 613 1990 die
637 1937 720 2002 Seele,

202 2007 233 2071 je
255 2006 381 2059 nachdem
407 2008 446 2059 sie
472 2006 588 2059 dieselbe
611 2006 652 2058 ihr
678 2006 719 2058 ein

206 2074 394 2141 selhsiindiges
417 2074 512 2126 Wesen
539 2074 636 2126 hielten
653 2074 721 2130 foder

206 2141 285 2204 uicht,
303 2142 440 2209 angeidhrt
452 2141 517 2192 sind.
547 2140 593 2194 llie
605 2148 719 2194 erstereu

205 2207 310 2260 werden
323 2209 363 2261 bis
378 2217 389 2270 1
401 2212 445 2261 41:
459 2210 650 2274 longissimam
659 2210 722 2272 effe·

205 2281 280 2340 runt,
290 2276 331 2329 die
341 2277 464 2328 letztereu
474 2277 515 2328 bis
526 2284 538 2339 5
548 2280 592 2330 tt:
602 2294 657 2328 erae
665 2278 722 2329 uolt

205 2343 378 2411 besprochen,
400 2345 502 2397 woraui
517 2345 562 2397 der
578 2344 659 2398 Lehre
676 2346 722 2398 der

146 2413 149 2418 '
206 2411 309 2464 Stoiher
321 2412 379 2465 eine
391 2411 494 2478 lingere
504 2412 660 2480 Erdrterung
675 2428 720 2479 ge-

206 2480 399 2533 widmetwird.

241 2551 266 2602 3.
285 2549 322 2600 ad
339 2552 412 2614 baec,
431 2549 455 2601 d.
468 2549 492 2600 h.
510 2549 556 2600 aul
571 2548 724 2617 philosoph.

204 2614 444 2683 Uolersuchungen.
474 2616 575 2670 Ebeuso
594 2617 718 2670 nachher:

205 2688 271 2738 baec
288 2687 417 2738 concedat
433 2685 582 2738 Aristoteli.

239 2757 263 2808 6.
282 2759 350 2806 ritae
367 2754 408 2806 die
423 2755 455 2806 la
476 2769 498 2819 e,
525 2752 580 2819 d,i.
598 2753 720 2806 1110101-

205 2823 320 2889 bindnng
338 2823 383 2875 der
397 2769 500 2875 Glieier
512 2827 587 2874 anter
598 2822 719 2874 einander

205 2915 239 2934 =
262 2895 425 2942 constructio
452 2892 638 2942 membrorum.
683 2889 719 2942 So

206 2957 270 3009 auch
288 2957 320 3010 de
338 2957 408 3010 deor.
428 2974 453 3008 n.
471 2957 499 3010 ll.
519 2959 566 3022 61,
586 2959 649 3012 153:
671 2974 721 3009 nec

205 3024 324 3088 mrum
335 3029 469 3090 ritumque
479 3028 659 3077 membrorum
671 3042 720 3077 nec

204 3095 310 3157 ingenia·
330 3096 479 3158 mentisque
504 3096 557 3144 aim
580 3095 660 3146 talem
682 3092 721 3154 ef-

204 3160 253 3223 fici
267 3162 386 3226 petuisse
403 3159 527 3222 fortuna.

239 3244 340 3279 uacans
357 3230 456 3293 animo,
474 3229 540 3281 deno
558 3228 645 3282 tndem
662 3228 719 3280 ari-

205 3299 271 3348 ston.
290 3295 339 3348 den
349 3296 421 3349 Geisl
438 3298 478 3349 1111
495 3298 537 3349 ein
550 3297 646 3349 blolses
657 3295 719 3348 Ver·

205 3364 314 3418 hiltniss
333 3365 452 3430 erklirte,
470 3366 591 3432 leugnele
603 3381 631 3416 er
642 3365 718 3416 uber-

205 3433 285 3500 haupt
308 3432 349 3485 die
373 3433 493 3486 Existeoz
517 3432 653 3485 desselben
677 3432 716 3484 ele

205 3502 276 3554 eines
297 3502 337 3554 1111
358 3503 414 3555 sich
435 3500 619 3555 bestehenden.
659 3498 717 3566 Vgl.

239 3639 263 3688 8.
280 3640 353 3688 sient
369 3643 423 3690 ast.-
440 3653 470 3690 so
487 3637 551 3688 auch
564 3640 596 3688 ui
607 3641 646 3687 eet
657 3635 719 3688 oder

205 3708 237 3754 nt
253 3709 292 3753 art
310 3710 382 3756 certe
399 3705 450 3765 (IV.
469 3707 511 3767 34,
530 3706 580 3765 72).

241 3774 282 3825 11.
292 3787 371 3836 paam
381 3776 492 3838 quisque
501 3770 719 3840 cel.Arisl.Vesp.

206 3841 285 3894 1431:
309 3830 409 3908 ”Epioe
423 3857 471 3905 aas,
497 3844 662 3906 detranatur
683 3844 718 3893 ei-

206 3904 264 3972 θείη
291 3910 396 3974 τέχνην.
431 3908 490 3964 Hor.
509 3924 549 3975 ep.
567 3909 585 3976 l,
605 3913 649 3974 14,
672 3913 718 3966 44:

772 1873 897 1920 eaerceat
914 1874 1006 1922 artem.
1034 1857 1102 1922 Uber
1114 1869 1154 1920 die
1168 1868 1290 1937 Stelluug

771 1951 823 1988 von
842 1939 954 2004 quisquo
972 1953 992 1990 s.
1011 1938 1079 1990 oben
1096 1954 1128 1990 zu
1148 1939 1173 2003 2,
1191 1941 1216 1990 4.

808 2024 847 2076 12.
857 2023 937 2074 Illam
948 2038 1011 2073 aere
1024 2027 1085 2074 cet:
1104 2022 1145 2075 die
1155 2022 1235 2075 Lehre
1245 2023 1289 2075 der

771 2104 823 2141 von
841 2088 890 2141 den
909 2089 1095 2142 hlomistilrern
1113 2106 1290 2157 1111011111-

771 2171 821 2208 neu
845 2157 1000 2224 Epikureer,
1024 2158 1124 2211 welche
1147 2159 1189 2211 die
1214 2159 1289 2212 Seele

772 2224 814 2277 1111
831 2226 872 2278 ein
891 2241 937 2278 aas
956 2227 1115 2280 materiellen
1129 2226 1290 2280 8111111111-

771 2292 814 2412 {1⁰1⁰
832 2299 1109 2361 zusammengesetzles
1122 2295 1239 2348 Produltt
1251 2312 1289 2348 er·

800 2362 880 2425 irten,

805 2449 949 2504 0111101011
960 2448 1001 2498 ein
1014 2463 1065 2501 von
1079 2447 1123 2501 der
1134 2448 1287 2502 3111110011-

770 2513 870 2566 lehuter
888 2515 1036 2576 husdruelt,
1054 2532 1111 2584 syn.
1132 2519 1179 2568 mit
1196 2517 1287 2583 capla-

770 2583 843 2644 dere;
862 2583 916 2649 vgl.
926 2584 957 2634 de
971 2598 1008 2637 01.
1020 2584 1059 2637 lll.
1072 2587 1114 2649 50,
1133 2588 1200 2640 tet:
1216 2585 1249 2648 fit
1257 2587 1285 2635 in

769 2653 887 2718 vocibus,
896 2656 927 2702 ut
936 2669 953 2702 a
962 2653 1135 2704 multitudine
1144 2670 1176 2705 ac
1186 2654 1285 2721 populo

769 2735 824 2770 nen
841 2720 921 2770 modo
939 2724 1063 2772 cateruae
1080 2727 1160 2788 atque
1178 2737 1287 2774 10110111·

770 2793 821 2853 1111,
832 2789 879 2839 red
890 2791 970 2839 eliam
983 2793 1036 2854 ipsi
1055 2791 1108 2840 eidi
1118 2792 1222 2855 singull
1234 2791 1285 2841 dia·

770 2861 910 2922 crepantes
927 2859 1075 2918 einardum
1099 2856 1194 2909 defin.
1214 2857 1244 2911 V.
1262 2859 1285 2922 8,

771 2926 816 2976 23:
834 2925 960 2990 amplectae
975 2928 1126 2992 eiectaeque
1136 2928 1285 2976 sententiae

770 2991 929 3058 Pyrrhonis,
948 2996 1090 3057 Aristonis,
1106 2994 1192 3045 Erilli
1217 3008 1241 3044 u.
1261 3008 1283 3046 a.

807 3060 912 3124 levium,
931 3076 951 3113 s.
974 3065 1012 3128 tt,
1031 3063 1071 3114 22.
1201 3119 1203 3124 ,

808 3129 939 3192 liquam
957 3135 1052 3193 tamen,
1070 3127 1122 3194 agl.
1141 3143 1162 3178 a.
1183 3129 1223 3192 12,
1237 3130 1284 3180 it:

771 3210 839 3258 puae
857 3199 887 3246 in
905 3197 987 3248 claris
1004 3200 1079 3252 viria.

806 3282 846 3332 tt.
866 3281 1077 3342 concalefactam
1101 3280 1285 3345 wirmehaliig.

769 3346 839 3399 Nach
863 3347 997 3402 Demolrrit
1020 3349 1077 3403 sind
1106 3350 1218 3401 nimlich
1246 3349 1285 3401 die
1389 3375 1390 3380 =

768 3415 861 3468 hicme
879 3416 924 3469 der
937 3417 1021 3483 Seele,
1040 3418 1081 3470 die
1094 3417 1223 3470 ltleinslen
1235 3433 1284 3469 von
1389 3425 1390 3455 l

770 3484 853 3604 ulpen,
883 3485 966 3537 denen
996 3487 1042 3539 des
1068 3486 1164 3538 Feuecs
1190 3485 1285 3553 1111011-
1388 3557 1389 3560 ¹

770 3567 843 3620 arrp.
1388 3571 1389 3590 ¹

806 3641 846 3691 15.
865 3643 904 3690 eri
920 3641 1017 3690 borum
1035 3655 1066 3690 zu
1085 3637 1174 3690 diesen
1187 3637 1284 3704 gehdrt,

768 3706 821 3772 vgl.
834 3706 893 3760 Hor.
907 3706 953 3759 0d.
967 3707 1006 3759 lll.
1021 3711 1061 3769 13,
1076 3709 1120 3760 13:
1139 3707 1285 3758 1110111011·-
1386 3737 1387 3740 =

770 3775 835 3826 liam
860 3781 891 3826 tu
915 3791 1021 3841 quoque
1042 3774 1172 3836 sontium.
1196 3773 1284 3826 -Es

769 3843 835 3909 lolgt
854 3844 979 3895 nunmehr
998 3842 1039 3894 die
1051 3842 1216 3909 Darstelluug
1234 3857 1283 3894 von

770 3911 870 3964 diceros
889 3913 992 3979 eigeuer
1014 3910 1131 3965 hasicht.
