2822 4462
192 217 233 276 68
515 214 643 268 LIBERI.
663 217 705 282 25,
723 218 765 270 62.
784 217 825 268 63.
844 216 885 281 26,
904 218 945 268 64.

191 390 327 452 cietatem
343 389 417 449 vitae
433 387 612 460 convocavit,
636 394 686 448 aut
707 386 757 466 qui
772 405 864 448 sonos
886 387 975 462 vocis,
999 387 1049 466 qui
1064 388 1175 450 infiniti
1188 389 1273 450 vide-

192 475 312 548 bantur,
335 473 437 554 paucis
459 472 623 533 litterarum
647 473 725 533 notis
748 471 929 545 terminavit,
958 481 1009 534 aut
1030 473 1080 553 qui
1104 475 1272 536 errantium

192 560 342 622 stellarum
367 577 487 632 cursus,
510 557 767 637 praegressiones,
790 557 959 619 institiones
982 556 1114 620 notavit?
1157 559 1271 623 Omnes

192 645 301 724 magni,
318 645 405 706 etiam
420 645 600 724 superiores,
616 643 665 723 qui
687 643 796 721 fruges,
812 642 863 720 qui
878 643 1094 723 vestitum,qui
1109 653 1196 720 tecta,
1220 647 1272 724 qui

192 731 305 793 cultum
327 729 414 803 vitae,
437 729 489 807 qui
508 729 654 809 praesidia
676 736 781 789 eontra
803 728 880 789 feras
902 727 1098 803 invenerunt,
1121 748 1138 790 a
1161 730 1271 809 quihus
1296 742 1311 790 5

192 815 385 877 mansuefacti
400 824 430 876 et
441 814 548 876 exculti
564 832 580 874 a
597 812 772 875 necessariis
786 813 916 874 artificiis
928 813 964 873 ad
980 814 1163 894 elegantiora
1178 817 1272 878 dellu-

191 902 297 962 ximus.
327 901 400 961 Nam
421 912 451 960 et
473 899 595 960 auribus
617 898 775 960 oblectatio
798 916 905 976 magna
927 909 1011 978 parta
1034 909 1077 962 est
1100 901 1219 962 inventa
1241 913 1272 964 et

191 994 354 1065 temperata
369 985 509 1046 varietate
525 995 556 1046 et
570 994 677 1046 natura
693 1002 846 1058 sonorum,
863 993 893 1045 et
908 991 986 1046 astra
1001 985 1187 1066 suspeximus
1201 1005 1271 1048 cum

192 1090 234 1144 ea,
258 1089 333 1150 quae
356 1080 426 1132 sunt
447 1070 536 1131 infixa
558 1070 647 1131 certis
667 1069 751 1143 locis,
773 1078 836 1130 tum
851 1069 900 1130 illa
917 1089 979 1131 non
995 1089 1037 1145 re,
1060 1071 1112 1132 sed
1128 1071 1270 1133 vocabulo

191 1157 335 1228 errantia,
351 1173 479 1235 quorum
495 1155 705 1216 conversiones
721 1154 877 1234 omnisque
893 1164 991 1216 motus
1007 1156 1058 1234 qui
1073 1156 1172 1218 animo
1189 1156 1269 1231 vidit,
1296 1168 1328 1217 10

191 1242 216 1302 is
237 1241 338 1302 docuit
360 1240 483 1302 similem
510 1241 641 1301 animum
667 1257 754 1301 suum
780 1239 843 1300 eius
870 1259 949 1313 esse,
980 1241 1029 1320 qui
1053 1260 1086 1301 ea
1113 1241 1272 1304 fabricatus

139 1335 167 1383 63
191 1335 268 1388 esset
292 1327 322 1387 in
350 1326 441 1386 caelo.
486 1326 558 1385 Nam
585 1343 654 1386 oum
675 1323 865 1386 Archimedes
891 1324 996 1400 lunae,
1023 1327 1111 1406 solis,
1138 1328 1272 1406 quinque

191 1411 356 1473 errantium
372 1423 471 1472 motus
492 1410 523 1471 in
540 1411 695 1491 sphaeram
715 1409 863 1490 inligavit,
885 1411 984 1472 effecit
1005 1411 1092 1486 idem,
1110 1413 1189 1490 quod
1211 1412 1271 1486 ille,

191 1497 287 1574 quiin
304 1496 424 1557 Timaeo
441 1495 585 1557 mundum
600 1496 771 1570 aedificavit,
787 1496 918 1558 Platonis
934 1497 1016 1570 deus,
1033 1507 1065 1558 ut
1086 1497 1221 1558 tarditate
1242 1506 1273 1558 et

191 1582 339 1642 celeritate
361 1581 570 1643 dissimillimos
583 1591 688 1642 motus
709 1599 768 1642 una
790 1591 907 1660 regeret
929 1583 1091 1642 conversio.
1137 1582 1224 1654 Quod
1244 1583 1271 1644 si
1296 1595 1327 1643 15

190 1667 221 1727 in
237 1667 295 1728 hoc
307 1667 418 1728 mundo
434 1667 497 1727 fieri
519 1666 584 1728 sine
599 1666 655 1728 deo
675 1686 737 1728 non
759 1675 874 1745 potest,
896 1686 934 1728 ne
955 1667 986 1728 in
1008 1667 1133 1746 sphaera
1149 1667 1271 1746 quidem

192 1752 311 1813 eosdem
334 1760 433 1814 motus
448 1751 638 1813 Archimedes
660 1753 725 1813 sine
741 1751 839 1812 divino
855 1752 976 1831 ingenio
993 1753 1136 1832 potuisset
1151 1753 1270 1814 imitari.

143 1840 182 1896 26
277 1836 347 1898 llihi
363 1856 432 1898 vero
455 1856 492 1898 ne
514 1837 587 1898 haee
603 1837 722 1916 quidem
744 1837 861 1898 notiora
883 1846 913 1898 et
934 1837 1104 1899 inlustriora
1125 1856 1228 1899 carere
1243 1839 1270 1899 vi

139 1931 168 1980 64
190 1923 288 1984 divina
299 1921 445 1998 videntur,
461 1931 495 1984 ut
509 1941 564 2001 ego
580 1932 630 1984 aut
644 1925 763 2002 poetam
773 1941 862 2002 grave
876 1923 1059 2003 plenumque
1072 1941 1192 1984 carmen
1205 1924 1271 1985 sine

191 2127 216 2185 2,
236 2128 264 2177 5:
277 2139 320 2173 -zu
343 2125 424 2176 einem
444 2123 585 2190 geselligen
603 2114 701 2186 heliam
753 2124 821 2175 ihrer
835 2121 985 2191 Bewegung
1003 2125 1075 2176 nicht
1093 2123 1206 2192 passend
1224 2141 1268 2192 ge-

191 2193 231 2242 lur
243 2184 369 2256 ‘gesellig'
383 2191 448 2243 lehlt
467 2192 509 2242 ein
522 2190 702 2258 entspreehen·
754 2192 835 2244 wihlt
852 2191 898 2242 sei.

191 2260 237 2310 des
255 2258 313 2322 Adj.
331 2261 366 2310 im
383 2258 438 2312 Lat.
475 2258 501 2313 S.
515 2260 580 2311 auch
593 2276 625 2312 zu
639 2264 701 2324 1,t:
789 2263 829 2315 10.
848 2261 1033 2324 animositatis,
1051 2261 1105 2327 vgl.
1126 2264 1166 2330 tu,
1187 2266 1227 2316 37.

191 2330 264 2378 ratio
284 2331 310 2376 st
327 2327 477 2393 disciplina.
789 2331 830 2380 11.
849 2328 942 2378 docuit
958 2328 1003 2380 hat
1024 2327 1115 2393 (durch
1130 2330 1173 2383 die
1192 2329 1270 2395 Thai)
1318 2327 1323 2334 '

226 2397 250 2448 2.
274 2396 354 2446 litter.
377 2399 449 2447 notis
471 2398 629 2446 terminavit
658 2397 704 2449 aul
753 2396 894 2448 bewiesen.

192 2463 393 2514 Schriltzeichen
412 2463 604 2516 zuruclilirhrte.
791 2467 830 2517 12.
841 2480 900 2514 enm
911 2464 960 2515 wie
972 2463 998 2515 in
1012 2464 1065 2519 Cat.
1078 2466 1096 2518 1.
1107 2468 1131 2532 8,
1142 2469 1187 2519 21:
1206 2483 1267 2518 cum

226 2534 250 2584 3.
278 2531 704 2599 praegressiones(Voraneilen),
754 2536 903 2598 quieseunt,
919 2534 1037 2598 probant
1053 2539 1117 2595 cet.;
1143 2551 1167 2601 p.
1186 2535 1269 2588 Deiot.

191 2601 353 2652 institiones.
408 2600 465 2652 Von
502 2600 560 2652 dem
594 2601 704 2665 (schein-
756 2603 848 2665 13,36:
862 2603 953 2652 omnia
962 2603 1091 2665 tribuisti,
1102 2619 1163 2654 eum
1172 2620 1270 2655 nomen

191 2670 279 2733 baren)
315 2667 465 2722 Stillstehen
501 2669 546 2722 der
579 2667 703 2721 Planeten
754 2673 860 2734 regium
879 2671 1038 2720 concessisti.

191 2736 289 2804 spricht
316 2737 366 2790 Gic.
390 2740 454 2790 auch
480 2736 513 2790 de
535 2737 605 2790 deor.
629 2755 654 2792 n.
673 2737 702 2792 11.
790 2741 907 2804 quinqua
919 2740 1081 2788 errantium:
1100 2735 1208 2802 Merour,
1218 2737 1268 2790 Ve-

191 2809 233 2870 211,
251 2809 281 2858 51
302 2823 327 2857 ιι.
345 2809 387 2871 to,
407 2809 464 2872 tua,
755 2821 811 2868 nus,
829 2805 905 2867 llars,
922 2803 1049 2871 luppiter,
1068 2804 1170 2857 Saturn.

226 2877 250 2926 5.
269 2875 381 2937 cultum,
399 2874 439 2927 die
458 2874 604 2941 Gesittnng.
792 2876 866 2928 tais
877 2875 1021 2939 sphaeram
1029 2875 1107 2938 inlig.
1116 2865 1153 2924 ‘er
1162 2874 1268 2928 brachie

225 2940 702 3006 6.mansuofaeti,etwa:entwildert.
756 2943 794 2994 sie
825 2957 858 2993 an
889 2942 960 2992 einer
986 2941 1188 3007 Himmelslmgel
1218 2937 1267 2994 an’.

225 3009 390 3070 detinuimus
415 3011 463 3060 wir
481 3009 538 3061 siud
556 3009 704 3063 allmihllch
756 3009 832 3062 Diese
844 3011 960 3075 spiam
969 3010 1015 3061 des
1024 3009 1198 3073 Archimedes,
1209 3012 1267 3062 eine

191 3076 303 3142 gelangt.
334 3075 391 3142 Vgl.
411 3077 442 3127 V.
462 3079 503 3139 21,
523 3080 563 3130 62.
755 3076 900 3142 hisschine,
932 3078 1029 3130 welche
1063 3076 1161 3128 mittels
1196 3079 1267 3129 einer

226 3146 250 3196 8.
268 3147 400 3195 vametats
418 3149 444 3194 st
462 3150 564 3196 natura
591 3151 704 3212 entspre-
756 3146 851 3197 Kurhel
869 3145 977 3211 gedreht
995 3147 1035 3198 die
1054 3144 1203 3212 Bewegung
1222 3145 1267 3198 der

191 3212 256 3264 chen
280 3212 329 3263 den
354 3211 581 3277 vorhergehenden
598 3213 704 3267 Partiei·
755 3213 879 3266 Planeten
917 3213 1167 3276 veranschaulichte,
1201 3215 1267 3266 wird

190 3280 249 3346 plen
260 3278 612 3346 inumgeliehrterOrdnung:
626 3283 702 3334 naeh-
755 3282 834 3334 niiher
847 3281 1014 3334 beschrieben
1025 3282 1056 3334 de
1065 3297 1119 3348 rep.
1129 3281 1148 3333 1.
1159 3285 1203 3344 14;
1213 3283 1267 3350 vgl.

190 3349 249 3400 dem
263 3363 320 3400 man
331 3348 376 3400 sut
384 3347 425 3398 die
435 3348 702 3417 naturlichelllannig-
753 3350 785 3402 de
803 3350 873 3402 deor.
892 3366 917 3405 n.
934 3349 963 3402 ll.
976 3352 1017 3413 35,
1028 3353 1059 3402 81
1079 3368 1104 3403 u.
1119 3349 1264 3403 Sehdmann

190 3417 321 3484 faltigheit
355 3416 400 3468 der
428 3414 499 3468 'l'dne
529 3416 701 3470 aulmerksam
753 3434 775 3473 a.
795 3417 819 3470 d,
839 3418 876 3472 st.

190 3487 328 3551 geworden
349 3501 401 3537 war
419 3484 470 3536 und
482 3486 521 3537 sie
532 3501 578 3536 zur
589 3485 701 3552 Bildnng
789 3490 829 3540 14.
847 3490 878 3537 in
899 3486 1014 3552 lincaeo,
1031 3502 1056 3552 p.
1067 3486 1161 3552 toclg.

190 3570 241 3606 ron
259 3554 412 3606 Harmonien
430 3553 565 3604 verwandt
582 3555 661 3608 hatte.
789 3559 829 3607 11.
842 3555 1002 3606 sinedioino
1020 3556 1145 3620 ingenio,
1164 3555 1217 3621 vgl.
1234 3571 1266 3608 an

225 3626 249 3674 9.
267 3639 322 3674 non
338 3639 377 3686 ra,
393 3622 441 3672 sed
460 3622 587 3673 uocabulo
608 3639 701 3674 orran-
754 3626 793 3686 ti,
812 3623 1077 3686 ωηο-01111111.

191 3695 238 3742 tia.
274 3691 325 3743 Gir.
337 3691 427 3753 meint,
445 3705 499 3742 was
512 3704 539 3740 er
551 3690 582 3741 de
595 3690 664 3744 deor.
677 3708 701 3743 n.
789 3694 828 3745 18.
846 3697 877 3743 nt
889 3707 937 3756 ego
948 3719 980 3728 -
986 3695 1087 3756 pmcne,
1105 3703 1136 3740 so
1149 3690 1205 3741 dale
1223 3691 1265 3742 ich

190 3759 219 3812 ll.
231 3761 272 3820 20,
282 3761 313 3810 51
328 3758 469 3811 deutlieher
481 3757 633 3824 anssprieht,
646 3759 702 3811 (lais
753 3759 864 3826 glauben
883 3758 967 3812 sollte.
994 3761 1047 3808 Auo
1065 3757 1124 3809 dem
1144 3757 1265 3825 Leugnen

190 3826 337 3879 derAnsdr.
356 3823 703 3894 errantesstsllannlavsi·
753 3828 798 3879 der
824 3828 872 3879 mit
894 3842 988 3877 carere
1010 3825 1195 3878 bezeichneten
1220 3827 1265 3878 Ur-

191 3910 340 3962 sas,wegen
354 3893 704 3963 derRegelmitsigheit
754 3895 831 3947 sache
849 3895 948 3961 ergiebt
966 3893 1021 3946 sich
1039 3894 1104 3946 anch
1124 3893 1167 3946 die
1180 3893 1264 3947 Unzu-
