2804 4474
234 226 275 285 74
632 225 726 278 LIBER
742 224 784 280 IV.
805 230 844 292 15,
857 230 899 280 ³5.

232 401 390 463 dicendum
413 399 529 462 erit-
551 398 710 478 pleraeque
729 399 808 460 enim
834 399 1037 478 quaestiones,
1065 418 1141 478 quae
1162 400 1199 460 ad
1221 399 1310 460 vitam

231 504 390 566 moresque
404 484 572 566 pertinent,
588 503 605 544 a
619 483 735 545 virtutis
749 485 832 545 lente
847 479 1000 546 ducu‘ntur
1012 517 1068 559 —,
1083 485 1204 564 quando
1220 485 1311 564 igitur

230 571 324 633 virtus
339 579 383 632 est
397 569 524 632 adfectio
539 569 630 629 animi
645 577 787 630 constans
801 570 1053 648 conveniensque,
1071 568 1227 632 laudahihs
1243 571 1309 631 elil-

231 656 314 718 ciens
328 675 389 730 eos,
405 656 435 717 iu
453 653 561 733 quihus
573 662 626 728 est,
642 663 672 714 et
681 654 744 733 ipsa
756 673 810 734 per
820 673 861 729 se,
877 673 929 716 sua
941 663 1058 734 sponte,
1073 663 1209 734 separata
1219 655 1308 716 etiam

230 742 354 803 utihtate
369 739 530 813 laudabilis,
546 758 581 800 ex
598 758 632 800 ea
647 740 880 819 proficiscuntur
892 739 1034 800 honestae
1046 740 1224 813 voluntates,
1240 758 1308 801 sen·
1326 749 1340 798 i

229 827 355 900 tentiae,
381 825 512 887 actiones
533 824 690 902 omnisque
711 832 792 885 recta
812 824 904 898 ratio,
930 842 1109 904 quamquam
1131 825 1195 904 ipsa
1215 825 1308 885 virtus

229 910 412 972 brevissume
428 918 507 971 recta
522 909 597 970 ratio
609 909 666 969 dici
680 917 789 988 potest.
819 908 915 970 liuius
930 909 1020 988 igitur
1030 909 1146 972 virtutis
1157 909 1307 971 contraria

229 1004 276 1058 est
295 995 436 1057 vitiositas
460 1029 496 1040 -
521 994 564 1056 sic
586 994 667 1054 enim
688 994 764 1054 malo
787 1012 877 1072 quam
898 994 1039 1055 malitiam
1061 995 1210 1074 appellare
1232 1013 1306 1067 eam,

117 1129 119 1134 .
229 1099 318 1159 quam
335 1080 439 1142 Graeci
453 1081 573 1144 κακίαν
589 1079 754 1159 appellant;
776 1098 844 1140 nam
860 1078 968 1140 malitia
987 1080 1061 1141 certi
1075 1080 1230 1142 cuiusdam
1246 1078 1306 1140 vitii

230 1183 340 1245 nomen
356 1173 416 1240 est,
436 1164 577 1226 vitiositas
593 1164 726 1225 omnium
742 1183 798 1240 —;
821 1183 856 1225 ex
872 1183 931 1243 qua
946 1165 1134 1226 concitantur
1148 1164 1305 1244 perturba·
1326 1172 1349 1222 to

228 1249 334 1325 tiones,
352 1269 426 1329 quae
442 1257 521 1324 sunt,
537 1259 570 1310 ut
584 1248 673 1328 paulo
689 1258 758 1309 ante
772 1249 907 1324 diximus,
922 1249 1032 1310 turbidi
1047 1250 1218 1310 animorum
1232 1267 1306 1310 con-

229 1335 369 1414 citatique
384 1344 498 1409 motus,
518 1333 611 1395 aversi
626 1352 643 1393 a
657 1333 773 1395 ratione
794 1342 824 1395 et
838 1334 1032 1396 inimicissimi
1047 1335 1156 1396 mentis
1171 1335 1305 1412 vitaeque

226 1419 412 1499 tranquillae.
447 1419 614 1500 Importaut
628 1419 709 1479 enim
730 1419 931 1498 aegritudines
950 1419 1051 1481 anxias
1072 1427 1161 1498 atque
1182 1418 1303 1481 acerbas

226 1505 401 1586 animosque
417 1505 560 1583 adlligunt
575 1512 604 1565 et
619 1503 774 1565 debilitant
788 1512 884 1580 metn3
904 1504 994 1565 iidem
1015 1505 1199 1566 inflammant
1213 1523 1303 1584 appe·

226 1589 331 1650 titione
346 1591 446 1664 nimia,
461 1607 549 1668 qnam
565 1606 633 1651 cum
649 1589 841 1668 cupiditatem
851 1599 916 1651 tum
930 1588 1083 1650 libidinem
1097 1590 1235 1664 dicimus,
1251 1591 1304 1650 im·
1324 1595 1349 1647 ti

226 1675 390 1753 potentiam
411 1675 558 1754 quandam
581 1674 703 1735 animia
723 1674 920 1754 temperantia
941 1682 972 1734 et
990 1675 1194 1736 moderatione
1209 1674 1304 1754 pluri·
1388 1739 1389 1744 .

172 1769 203 1820 ii
224 1777 306 1821 mum
322 1760 522 1823 dissidentem.
553 1760 635 1830 Quae
650 1759 675 1820 si
690 1761 809 1838 quando
825 1760 929 1840 adepta
945 1760 1002 1820 erit
1017 1760 1056 1834 id,
1077 1761 1155 1838 quod
1171 1760 1199 1820 ei
1215 1758 1305 1820 luerit
1386 1747 1389 1836 ,¹

225 1846 434 1926 concupitum,
461 1854 525 1905 tum
548 1845 688 1906 efferetur
708 1845 871 1918 alacritate,
893 1854 925 1905 ni
946 1843 1022 1905 nibil
1044 1844 1072 1904 ei
1097 1855 1203 1906 constet
1224 1844 1303 1924 quod
1388 1867 1389 1870 ¹

223 1995 337 2060 quidem,
351 1996 400 2047 wie
410 1994 442 2047 de
451 1994 494 2046 fin.
501 1994 532 2046 V.
542 1996 617 2060 emt:
628 1995 736 2059 quando
788 1997 900 2057 liertiae,
918 1992 1032 2046 welches
1044 1994 1098 2046 bier
1110 1995 1181 2047 nicht
1198 1995 1227 2044 in
1246 1995 1302 2047 dem
1388 2025 1389 2072 ᾗ

223 2063 261 2113 od
276 2066 382 2115 maiora
399 2066 458 2114 nati
473 2078 579 2128 santur,
599 2061 652 2115 und
670 2061 736 2114 auch
788 2060 866 2113 Sinne
884 2061 955 2114 eines
970 2061 1104 2115 einzelnen
1115 2067 1213 2114 citium
1225 2061 1302 2115 steht.
1388 2115 1389 2120 ,

223 2134 296 2182 sonst
312 2131 456 2182 bisweilen.
787 2128 813 2181 S.
832 2145 864 2182 eu
884 2132 923 2195 13,
936 2132 977 2182 29.
1388 2141 1389 2166 l

257 2201 284 2248 et
300 2199 420 2250 dicimur
438 2203 499 2259 cet.;
525 2198 576 2263 rgl.
595 2200 619 2262 3,
633 2201 660 2249 5:
683 2197 737 2248 Sed
830 2201 854 2249 l.
889 2199 1000 2249 virtutis
1029 2201 1176 2250 contraria.
1223 2196 1302 2250 Sorrct

223 2266 368 2317 denoteris
388 2267 485 2316 studiis
502 2265 557 2316 alio
575 2264 634 2316 loeo
652 2269 678 2314 et
695 2266 735 2315 di·
788 2265 888 2316 scheint
908 2265 963 2317 diee
981 2266 1040 2330 Adj.
1061 2282 1113 2318 von
1131 2265 1183 2317 Cic.
1200 2281 1250 2318 nur
1267 2265 1302 2317 im

221 2348 319 2398 cemus,
335 2332 546 2398 cinerescant,
565 2337 678 2399 eteoepe
695 2333 736 2383 di·
786 2331 911 2385 Neutrum
924 2334 970 2385 mit
988 2333 1045 2386 dem
1064 2334 1173 2386 Genetiv
1190 2334 1302 2386 verbun-

221 2404 320 2452 nimns.
712 2451 718 2458 ,
787 2401 837 2452 den
855 2417 886 2452 zn
906 2400 1017 2455 werden.

256 2470 280 2520 2.
299 2485 316 2518 a
332 2470 443 2519 oemio
458 2467 546 2532 fonte,
568 2482 589 2520 s.
607 2466 624 2520 l.
645 2469 685 2530 15,
702 2470 735 2520 34
821 2471 845 2522 8.
861 2471 1003 2533 maiitiam,
1022 2470 1077 2522 hier
1092 2466 1235 2536 ‘schlechte
1253 2468 1302 2520 Be·

221 2552 254 2587 zu
272 2537 417 2588 mercedem
432 2537 546 2601 gloriae.
785 2529 969 2589 echaffenheit’
993 2538 1144 2603 uberhaupt.
1189 2536 1301 2589 Ahnlich

255 2602 303 2656 hlit
322 2607 412 2670 egritate·
434 2604 499 2655 wird
521 2605 566 2656 der
589 2601 669 2654 durch
693 2603 734 2655 dle
786 2603 848 2657 sut.
860 2605 913 2670 lug.
927 2607 973 2658 22:
991 2607 1037 2670 (re)
1050 2609 1158 2672 virtute,
1176 2621 1233 2656 non
1245 2621 1301 2656 nra-

220 2672 427 2726 Zwiscbensitze
456 2671 658 2724 unterbrochene
685 2671 734 2722 Ge·
786 2673 845 2724 litio
858 2675 886 2725 P.
899 2672 1029 2739 Scipioni,
1044 2676 1230 2739 summovit-o,
1240 2675 1300 2739 plo-

219 2741 304 2793 danke
329 2740 424 2793 wieder
448 2740 659 2807 eulgeoommen,
683 2740 733 2791 wie
785 2744 879 2792 coiisse.
913 2740 985 2794 lloch
1007 2742 1043 2794 ist
1064 2741 1147 2793 dieser
1164 2741 1300 2794 Gebrauch

219 2807 236 2862 l.
257 2813 280 2875 7,
294 2813 328 2863 14
345 2809 391 2860 mit
409 2822 482 2874 ergo,
500 2808 552 2860 und
570 2808 645 2861 diter.
783 2808 875 2862 seiten.
900 2809 988 2861 Cicero
998 2808 1029 2862 de
1039 2808 1108 2862 deor.
1118 2825 1144 2860 n.
1152 2809 1191 2861 111.
1202 2813 1299 2874 abac:

253 2880 277 2931 3.
295 2875 414 2938 adfectio
432 2879 517 2927 animi
529 2881 655 2928 comtum
671 2891 733 2926 con·
783 2877 834 2928 Est
845 2881 915 2927 enim
925 2878 1031 2928 malitia
1045 2882 1152 2928 versuto
1164 2883 1192 2928 et
1207 2877 1299 2938 fallace

218 2948 378 3025 oenipneqqe
406 2946 453 3008 (sc.
470 2947 584 3026 stepen),
607 2937 733 3024 diddeofs
783 2945 897 2996 nocendi
912 2947 994 2997 ratio.

217 3009 732 3146 multititudineiliiiff
784 3013 1297 3148 .f.tt.ttf²‘ttl3‘ti²1t⁰ttf⁰t‘¹t

218 3147 270 3198 wie
288 3147 320 3198 de
333 3145 377 3196 fin.
390 3146 428 3199 lll.
441 3149 482 3211 20,
495 3150 540 3200 65:
559 3164 596 3198 ea.-
611 3150 662 3198 hac
673 3149 732 3198 oni-
783 3151 888 3200 bantur.

216 3229 323 3266 morum
341 3213 500 3275 adfectione.
824 3219 863 3270 13.
881 3217 1043 3282 Importaut,
1066 3217 1117 3268 wie
1137 3219 1177 3276 17,
1190 3218 1237 3270 38:
1255 3218 1297 3266 in-

252 3285 277 3334 4.
289 3298 339 3332 rua
351 3286 456 3348 sponte:
476 3283 543 3334 ohne
561 3283 671 3335 iremdes
683 3283 731 3334 Zn-
781 3287 899 3348 venerit,
922 3284 979 3336 elne
997 3283 1151 3350 Steigerung
1173 3299 1227 3335 von
1251 3285 1296 3336 od-

217 3351 290 3414 thnn,
303 3341 441 3402 daher‘um
450 3350 518 3402 ihrer
529 3351 611 3404 selhet
620 3345 730 3412 willen'3
780 3351 866 3414 ferr-m
885 3354 993 3415 omar,
1005 3351 1061 3402 hier
1072 3350 1134 3404 alst:
1147 3350 1295 3420 peinigend,

216 3425 342 3486 separato
356 3410 459 3484 ‘ohne'‚
478 3433 499 3470 s.
516 3434 548 3471 nn
566 3417 604 3470 lll.
624 3420 665 3483 1⁵1,
683 3421 730 3471 38:
780 3420 833 3487 vgl.
845 3418 875 3472 V.
893 3421 976 3482 6,16:
994 3419 1141 3484 languidis.

214 3502 377 3554 ecpreerom.
815 3490 856 3541 18.
874 3490 1059 3553 concupitum,
1084 3503 1105 3540 s.
1122 3503 1156 3539 nu
1172 3487 1201 3540 lh
1222 3490 1246 3552 1,
1264 3489 1293 3539 2:

250 3558 275 3608 6.
293 3557 438 3620 omnisque,
456 3570 477 3607 s.
495 3569 527 3607 zn
543 3554 562 3606 l.
580 3556 622 3618 40,
635 3556 681 3606 95:
699 3557 730 3605 in
778 3558 848 3607 milti
864 3558 955 3607 habita
972 3562 1018 3606 eei.

215 3626 290 3675 omni
312 3626 425 3683 virtum
450 3628 525 3674 recta
548 3626 620 3674 ratio
634 3645 668 3665 --
683 3625 728 3673 ab·
820 3625 947 3688 efferetur
971 3624 1114 3675 amenitate
1135 3646 1170 3666 =
1188 3622 1294 3673 laetitia

214 3692 302 3742 reluta
319 3693 392 3742 ratio
410 3688 451 3755 (V.
466 3692 505 3754 13,
517 3693 569 3756 39),
587 3685 673 3758 ὀρθὸς
684 3685 727 3742 li-
775 3694 914 3757 gestienti.
943 3689 1126 3757 vgt.1t‚ao:
1151 3691 1226 3755 qued
1247 3694 1294 3741 nait

213 3775 271 3828 yos:
282 3756 545 3824 Verlahrungsweise.
570 3757 617 3809 llle
629 3757 727 3810 Beden·
778 3763 872 3825 cupias
880 3760 1007 3810 ardenter
1016 3765 1065 3810 aeti
1073 3759 1186 3825 adeptio
1196 3759 1293 3821 offeror

214 3833 351 3890 tungren
375 3829 462 3878 cirins
484 3842 516 3878 an
540 3827 623 3879 dieser
646 3824 726 3878 Stelle
778 3832 804 3878 te
820 3829 972 3879 insolenter.

214 3893 314 3960 ergiebt
331 3893 386 3945 sich
403 3910 449 3947 nos
461 3895 518 3947 dem
531 3893 674 3962 Gegensatz
686 3897 725 3944 oi·
810 3899 843 3945 nt
858 3896 929 3947 nihil
945 3899 971 3946 ei
992 3899 1107 3960 constet,
1129 3894 1293 3960 Auspielung
