2822 4462
518 175 648 232 66661.
668 181 692 245 a,
711 180 734 230 c.
753 181 777 243 a,
797 181 821 232 a.
1167 180 1206 236 29

128 349 205 424 stria,
230 350 325 410 multo
348 350 507 412 studiosius
522 350 727 431 philosophiae
749 352 841 414 fontis
859 352 1037 432 aperiemus,
1060 373 1076 414 6
1100 353 1208 434 quibus

129 435 214 496 etiam
230 435 279 495 illa
295 433 464 496 manabant.

212 520 271 581 Sed
288 529 321 582 ut
335 521 516 595 Aristotcles,
531 521 577 581 vir
591 540 707 582 summo
723 523 855 601 ingenio,
875 523 1009 596 scientia,
1025 523 1120 603 copia,
1136 542 1205 586 eum
1224 531 1243 584 4
1267 497 1312 574 Ψ

88 625 89 628 ’
128 613 225 667 motus
242 614 320 668 esset
335 606 474 668 Isocratis
495 606 624 668 rhetoris
643 607 746 685 gloria,
769 609 867 670 dicere
883 607 991 670 docere
1007 610 1094 670 etiam
1110 611 1210 690 eoepit
1230 621 1244 670 t

94 708 107 756 6
128 691 326 753 adulescentis
348 700 378 753 et
397 692 586 771 prudentiam
608 711 676 753 cum
700 692 869 772 eloquentia
890 694 1033 773 iungere,
1056 695 1099 756 sic
1121 694 1208 757 uobis

129 777 224 856 placet
240 795 296 838 nec
311 777 471 857 pristinum
486 778 604 839 dicendi
623 778 754 840 studium
769 779 921 860 deponere
937 787 966 841 et
981 780 1010 841 in
1028 780 1084 840 hac
1098 781 1208 842 maiore

129 870 157 922 et
177 861 318 924 uberiore
341 870 404 924 arte
426 863 546 925 versari.
592 863 677 924 Hanc
703 865 783 926 enim
806 866 968 944 perfectam
991 864 1208 945 philosophiam

128 965 247 1027 semper
268 947 402 1023 iudicavi,
426 966 502 1028 quac
525 950 561 1010 dc
582 949 716 1012 maximis
731 950 956 1028 quaestionibus
971 950 1092 1030 copiose
1107 959 1209 1030 posset

129 1040 292 1111 ornateque
308 1033 417 1113 dicere,
439 1034 469 1093 in
486 1051 573 1112 quam
590 1035 830 1096 exercitationem
851 1035 891 1096 ita
907 1054 964 1097 uos
979 1035 1110 1098 studiose
1125 1036 1207 1096 dedi·

82 1132 107 1182 16
127 1136 203 1191 mus,
224 1118 330 1178 utiam
352 1119 438 1180 etiam
455 1118 571 1181 scholas
586 1120 768 1181 Graecorum
783 1138 866 1181 more
886 1119 995 1182 habere
1017 1121 1207 1183 auderemus:

128 1210 160 1264 ut
181 1220 281 1282 nuper
302 1211 386 1266 tuum
408 1212 477 1284 post
491 1205 654 1268 discessum
670 1206 700 1266 in
717 1204 897 1279 Tusculano,
921 1223 988 1266 cnm
1010 1215 1110 1266 essent
1126 1225 1207 1267 com·

126 1289 230 1367 plures
250 1307 367 1350 mecum
388 1289 561 1364 familiares,
583 1291 724 1371 temptavi
747 1291 817 1370 quid
839 1291 868 1351 in
891 1308 926 1351 eo
949 1307 1059 1368 genere
1079 1309 1207 1370 possem.

127 1373 165 1434 Ut
179 1374 262 1434 enim
277 1382 363 1436 antea
374 1374 597 1437 declamitabam
612 1395 724 1452 causas,
741 1377 820 1455 quod
837 1393 926 1436 nemo
941 1394 989 1436 me
1003 1374 1114 1436 diutius
1128 1375 1207 1449 iecit,

127 1458 169 1520 sic
184 1459 259 1520 hacc
280 1461 352 1520 mihi
375 1479 458 1522 nunc
479 1461 581 1522 senilis
602 1469 646 1524 cst
665 1461 849 1523 declamatio.
880 1461 996 1522 Ponere
1018 1460 1155 1522 iubebam
1171 1460 1207 1522 de

162 1661 186 1710 2.
213 1661 263 1711 itia
293 1663 451 1726 manabant,
488 1661 587 1714 Consti.
611 1661 643 1714 ad
695 1662 739 1714 der
756 1661 940 1730 Jurisprudenz
963 1677 987 1713 u.
1011 1661 1208 1714 Staatswissen-

130 1727 244 1796 synesin,
264 1728 308 1780 aui
325 1730 431 1796 aliquid
447 1731 591 1796 bonfigliclr.
695 1731 779 1782 schait
796 1730 945 1796 gebraucht.

162 1797 187 1849 3.
206 1797 367 1849 Aristotelea
388 1814 440 1850 von
453 1797 563 1864 Stagira,
584 1799 642 1864 gelo.
730 1801 753 1851 7,
778 1799 991 1864 philosophiam,
1014 1797 1054 1849 liu
1071 1798 1127 1848 ilrre
1145 1797 1208 1849 Ver-

128 1864 643 1930 38461116,1616661166666666666,
695 1869 785 1928 166166,
804 1865 895 1917 daher:
918 1881 986 1930 qaae
1002 1869 1093 1930 poscat
1110 1865 1208 1928 dicere,

127 1932 241 1984 naehher
259 1934 285 1984 in
302 1934 389 1986 Athen
407 1933 498 1986 Stilter
515 1933 560 1985 der
578 1935 643 2001 peri·
695 1934 745 1986 wie
763 1934 844 1986 olters
862 1933 928 1985 ancli
947 1935 1072 1998 distorta,
1093 1949 1114 1983 a.
1127 1932 1156 1983 B.
1175 1931 1207 1984 dc

127 2003 208 2067 patet.
227 1999 329 2055 Schule.
356 2001 416 2069 Vgl.
429 2002 460 2054 de
473 2008 537 2054 orat.
549 2001 587 2056 lll.
601 2007 642 2067 36,
695 2019 730 2054 or.
743 2002 773 2056 ll.
788 2005 833 2066 15,
846 2003 891 2054 62:
913 2004 975 2066 quis
991 2005 1075 2052 nascit
1088 2003 1208 2066 primam

130 2071 192 2122 141:
211 2070 270 2134 Ipso
282 2072 448 2136 Aristotelea,
467 2087 527 2122 cum
543 2073 642 2134 florere
694 2086 748 2121 osec
765 2072 894 2123 distortae
909 2071 1001 2135 legam,
1019 2086 1053 2120 no
1065 2069 1133 2136 quid
1142 2067 1209 2129 salsi

126 2138 273 2188 Isocratem
291 2140 432 2192 nobilitato
447 2140 641 2206 discipulorum
694 2140 781 2191 dicere
798 2139 914 2190 audeat?
1200 2173 1202 2176 -

127 2207 240 2272 uideret,
252 2237 286 2246 -—
298 2211 415 2260 mutauit
431 2213 539 2274 repente
557 2214 642 2261 totam
728 2211 752 2260 9.
770 2211 799 2258 in
817 2223 898 2274 quarn
910 2236 941 2244 —
953 2207 1080 2258 dedimus.
1104 2204 1162 2269 Vgl.
1176 2204 1208 2256 de

125 2273 248 2335 sormam
269 2291 357 2342 propo
383 2278 543 2343 disciplinae
568 2294 641 2329 anae.
692 2279 758 2328 orat.
776 2275 814 2330 lll.
836 2279 876 2339 16,
888 2278 933 2327 59:
952 2290 1032 2339 quam
1049 2291 1078 2324 rc
1096 2288 1208 2338 cumque

126 2342 223 2408 ltaque
242 2347 352 2395 ornauit
368 2350 395 2395 ct
406 2345 564 2396 inlustravit
581 2346 641 2397 doc·
693 2348 724 2395 in
737 2348 845 2411 partem
863 2344 991 2407 dedisset,
1015 2345 1134 2394 omnium
1152 2340 1209 2402 fait

126 2413 231 2462 trinam
259 2413 333 2463 illam
367 2429 471 2464 omnam
499 2429 643 2478 rerumque
693 2411 779 2474 facilc
794 2415 928 2478 princeps.

126 2481 310 2544 cognitionem
334 2497 394 2532 eam
414 2483 549 2532 orationis
567 2498 643 2532 eccer-
723 2477 1086 2546 10.antolasLehrvortrige,
1106 2476 1208 2542 vgl4‘l,

125 2551 260 2598 citatione
279 2552 431 2601 coniunxit.
460 2548 644 2615 Dochlagder
697 2551 754 2601 113.
784 2544 1209 2611 Ι11666166066].1661.666666

125 2614 216 2667 Grund
243 2616 331 2669 hieran
353 2618 380 2668 in
407 2617 452 2668 der
478 2615 644 2682 praktischeu
695 2631 755 2666 mus
773 2632 792 2668 s.
811 2631 843 2667 zu
864 2619 886 2680 1,
901 2619 927 2666 t:
944 2617 1118 2680 pertinerent.

124 2682 259 2749 Richtung
282 2685 366 2736 seincr
385 2683 552 2750 Philosophiae
570 2685 645 2736 iiber-
733 2686 772 2734 11.
789 2689 863 2732 taam
874 2681 1096 2746 poatdiseemaam.
1116 2679 1209 2730 Brutus

123 2752 220 2817 haupt.
696 2749 789 2802 belnam
813 2748 1036 2801 4666116666
1060 2746 1149 2810 diser,
1171 2745 1209 2797 als

163 2821 245 2880 capia
263 2817 324 2882 (uie
342 2818 488 2881 copiosae),
512 2833 564 2868 von
587 2817 645 2869 dem
696 2818 781 2870 dieser
797 2813 1210 2892 (166616116616616616163666-

124 2884 269 2938 Reiehtum
288 2899 320 2934 an
338 2883 479 2937 Gedankcn
497 2885 549 2938 und
572 2885 645 2937 Wor·
695 2887 777 2950 hatte,
800 2884 889 2936 Gallia
907 2884 998 2949 otsalp.
1017 2881 1191 2948 alsl’rormz.

125 2961 174 3008 ten
194 2953 344 3018 gebraucht.
732 2949 1008 3009 redamantium.
1052 2949 1121 3002 liber
1138 2951 1209 3002 seinc

162 3024 190 3074 4.
211 3019 349 3087 lsolnates,
370 3021 429 3088 gab.
441 3023 501 3086 436,
522 3021 592 3074 lebtc
605 3022 644 3074 bis
695 3011 923 3089 libungsrortrige
941 3025 999 3086 sagt
1017 3019 1067 3072 Gic.
1083 3018 1152 3070 Brut
1166 3022 1207 3084 90,

125 3105 175 3143 aur
205 3088 329 3142 Schlacht
358 3090 401 3142 bei
431 3091 562 3142 Chironea
585 3092 644 3155 338,
696 3093 758 3144 310:
771 3088 1209 3152 Commentatardoclamiianstria

126 3157 197 3210 nach
220 3159 332 3210 welchcr
354 3174 382 3211 cr
408 3159 464 3210 siclt
486 3159 568 3210 selbst
593 3159 643 3211 den
695 3163 766 3211 caim
783 3176 857 3211 none
875 3159 1032 3225 loquantur)
1053 3171 1208 3222 caeparum

125 3224 186 3279 'l'od
204 3227 263 3292 gab.
694 3229 730 3282 M.
740 3229 836 3280 Pisone
856 3231 882 3278 ot
900 3243 960 3278 eom
979 3225 1144 3290 Q.Pompcio
1161 3229 1211 3275 aut

164 3294 254 3346 dicero
271 3296 374 3357 doecre,
392 3295 444 3360 vgl.
458 3295 490 3347 de
503 3311 539 3347 or.
552 3295 644 3362 111.16,
695 3313 755 3348 cum
764 3297 856 3362 aliquo
867 3297 980 3348 cotidie:
989 3294 1069 3359 idque
1075 3292 1208 3354 faciebam

128 3365 176 3418 61:
204 3363 273 3414 Hine
299 3366 326 3426 (a
353 3363 474 3429 Socrate)
501 3365 643 3416 discidium
694 3365 807 3416 multum
824 3367 906 3416 ctiam
923 3364 1029 3424 Latino,
1046 3361 1093 3410 red
1110 3359 1209 3410 Graeco

126 3430 202 3482 illaad
212 3434 324 3496 66616161,
343 3436 422 3498 quari
441 3433 551 3498 linguae
562 3437 643 3499 atque
695 3436 811 3500 caepim.
839 3431 931 3498 Spitcr
942 3430 1065 3494 bedentet
1083 3425 1206 3477 declami-

126 3500 233 3564 cordir‚
255 3502 403 3558 absurdum
423 3518 489 3554 sane
506 3508 532 3553 et
547 3503 645 3553 inatile
695 3495 1208 3574 1666616116661666166161116686666-

132 3571 159 3618 et
180 3570 440 3636 reprehendendum,
465 3577 497 3622 ut
522 3572 573 3622 otii
596 3586 645 3622 noa
696 3570 798 3634 6161166,
817 3568 927 3621 sondcrn
943 3562 1209 3628 llunstvortragehal-

131 3652 234 3703 sapere,
251 3639 302 3688 alii
320 3639 408 3690 dicero
425 3639 558 3692 docerent.
697 3646 750 3702 teu,
766 3654 808 3689 um
821 3637 877 3688 sich
889 3637 969 3687 16666
981 3649 1013 3684 66
1025 3631 1119 3686 166666.
1146 3631 1209 3683 Zum

167 3706 379 3771 apraaaniiam,
394 3712 468 3760 sonst
481 3706 646 3773 gewohnlich
697 3704 781 3758 lnhalt
798 3705 851 3769 rgl.
869 3703 898 3754 ll.
919 3705 957 3766 tl,
977 3703 1018 3754 16.

133 3785 185 3824 von
203 3773 248 3826 der
266 3774 311 3827 aui
321 3775 464 3842 ilriahrung
480 3774 645 3828 bernheuden
733 3775 848 3827 111666
860 3773 935 3822 milei.
961 3767 1209 3822 DieseZusammen-

134 3838 302 3909 Sachlrundc,
329 3843 408 3897 daher
431 3844 571 3898 besondcrs
594 3857 646 3894 von
699 3834 1209 3907 61611663(166Ρ666.66661616686(166
