2790 4476
211 220 272 278 ιιι
590 217 685 270 unnn
702 217 731 271 u
749 221 774 283 a,
793 221 818 269 ι.
838 218 862 269 n.
881 218 905 270 o.

210 411 308 472 neque
318 392 469 472 eleganter
485 409 583 471 neque
598 399 703 453 ornate
715 389 855 465 scribere,
872 388 1029 451 lectionem
1042 390 1107 452 sine
1117 391 1178 452 ulla
1189 390 1292 453 delec-

209 479 321 540 tatione
336 477 472 557 ncglego.
503 476 581 548 Quid
596 476 676 537 enim
691 476 792 537 dicant
807 485 837 536 et
856 474 928 554 quid
943 476 1075 537 sentiant
1090 476 1126 549 ii,
1150 477 1202 556 qui
1218 485 1292 538 sunt

209 564 246 625 ab
262 581 297 624 ea
317 562 488 643 disciplina,
512 581 599 623 nemo
625 581 662 624 ne
684 560 874 623 mediocriter
896 560 1015 640 quidem
1031 561 1136 624 doctus
1159 563 1291 642 ignorat.

211 649 306 720 Quam
322 648 360 709 ob
383 665 464 722 rem,
487 648 628 726 quoniam
644 645 786 727 quemad
802 647 922 720 modurn
937 645 1037 707 dicant
1051 646 1109 727 ipsi
1124 666 1186 708 non
1204 647 1291 709 labo-

210 743 294 806 rant,
310 752 365 795 cur
379 731 497 812 legendi
514 733 583 806 sint,
600 732 656 795 nisi
672 732 728 812 ipsi
744 732 880 805 interce,
896 731 947 809 qui
962 731 1039 792 idem
1055 733 1200 806 sentiunt,
1224 752 1289 794 non
1314 749 1330 797 5

172 828 187 876 8
210 819 361 898 intellego.
392 819 474 893 Nam,
492 826 525 879 ut
540 817 693 880 Platonem
709 818 900 897 reliquosque
917 816 1085 879 Socraticos
1100 825 1129 878 et
1144 817 1290 900 deinceps

211 923 280 978 eos,
303 904 355 983 qui
370 904 407 965 ab
423 903 468 965 his
484 903 612 984 profecti
627 912 713 976 aunt,
736 903 840 984 legunt
855 920 977 976 omnes,
1001 901 1088 964 etiam
1103 902 1154 982 qui
1170 903 1225 968 ille
1239 914 1293 964 aut

211 1009 273 1050 non
295 987 464 1069 approbant
484 997 535 1049 aut
557 1007 618 1050 non
640 988 854 1050 studiosissime
876 995 1102 1062 consectantur,
1123 987 1292 1069 Epicurum

211 1083 309 1136 autem
325 1083 355 1135 ct
369 1072 572 1135 Metrodorum
590 1092 651 1134 non
668 1074 730 1134 fere
745 1080 864 1153 praeter
878 1091 948 1134 suos
963 1072 1120 1152 quisquam
1135 1073 1166 1136 in
1183 1093 1291 1136 manus

210 1159 310 1233 sumit,
333 1158 375 1220 sic
396 1159 451 1220 hos
467 1158 590 1221 Latinos
612 1159 632 1220 ii
654 1158 710 1220 soli
728 1159 842 1239 legunt,
866 1158 916 1238 qui
938 1158 988 1218 illa
1003 1167 1084 1220 recte
1098 1158 1156 1220 dici
1172 1167 1291 1239 putant.
1315 1174 1348 1223 10

209 1244 303 1306 Nobis
317 1252 416 1305 autem
430 1243 555 1319 videtur,
571 1244 712 1324 quicquid
728 1242 834 1306 litteris
853 1244 1020 1317 mandetur,
1043 1244 1072 1305 id
1086 1244 1292 1307 commendari

212 1330 347 1390 omniurn
362 1329 547 1392 eruditorum
562 1329 684 1391 lectioni
699 1329 815 1391 decere.
846 1329 918 1401 Nee,
940 1329 964 1390 si
984 1328 1014 1389 id
1029 1328 1085 1409 ipsi
1101 1330 1201 1392 minus
1215 1348 1291 1391 con·

211 1415 297 1494 sequi
319 1433 495 1496 possumus,
523 1415 635 1476 idcirco
664 1414 764 1476 minus
778 1415 821 1476 -id
850 1413 889 1475 ita
912 1413 1081 1476 laciendum
1110 1434 1175 1477 esse
1197 1416 1292 1477 senti·

173 1513 188 1562 ι
210 1518 286 1562 mus.
321 1500 424 1579 ltaque
445 1500 516 1562 mihi
539 1517 659 1581 semper
674 1499 938 1580 Peripateticorum
959 1499 1193 1580 Academiaeque
1217 1519 1292 1563 con·

211 1584 338 1647 suetudo
359 1585 395 1646 de
417 1584 558 1648 omnibus
578 1584 669 1647 rebus
689 1585 720 1646 in
741 1584 906 1647 contrarias
925 1585 1019 1664 partis
1040 1585 1204 1647 disserendi
1227 1605 1290 1648 non
1316 1600 1346 1649 15

212 1668 336 1732 obeam
359 1688 476 1732 censam
499 1670 596 1733 solum
618 1670 738 1751 placuit,
760 1669 841 1750 quod
858 1669 942 1730 aliter
965 1689 1026 1731 non
1049 1680 1151 1750 posset
1165 1671 1235 1750 quid
1259 1671 1291 1732 in

212 1774 331 1834 quaque
354 1775 387 1818 re
408 1757 471 1817 veri
493 1757 588 1818 simile
611 1765 690 1818 esset
711 1755 847 1829 inveniri,
870 1755 922 1816 sed
944 1755 1032 1816 etiam
1055 1757 1134 1834 quod
1156 1766 1237 1818 essct
1259 1774 1293 1817 ea

212 1859 348 1903 maxuma
370 1840 488 1903 dicendi
510 1841 697 1916 exercitati03
720 1859 779 1921 qua
800 1840 942 1922 princeps
956 1859 1028 1903 usus
1050 1850 1096 1903 est
1109 1841 1292 1916 Aristoteles,

211 1991 278 2044 auch
289 1991 331 2045 die
344 1991 516 2055 llorrelrtheit,
535 1997 629 2044 ornata
646 1991 727 2058 ledig-

210 2060 263 2112 lielr
281 2059 322 2112 die
340 2059 484 2113 Schdnheit
505 2060 551 2112 dee
568 2059 727 2112 Ausdruclra.

247 2131 270 2187 1.
288 2129 428 2180 helionem
453 2132 511 2179 tina
531 2128 588 2179 ulla
615 2127 728 2180 delecta-

211 2199 284 2248 tione
310 2196 352 2247 die
375 2195 583 2263 uuerquloldiche
604 2195 726 2256 laelrtdrez

212 2279 231 2316 s.
244 2262 262 2314 l.
276 2266 318 2326 22,
331 2266 362 2318 al
381 2279 413 2316 au
430 2269 489 2314 aine
506 2279 627 2329 corpore.

246 2333 270 2386 ι.
288 2334 414 2395 sentiant,
442 2348 464 2386 s.
491 2348 524 2384 an
550 2332 568 2386 l.
590 2335 682 2398 uon.
696 2331 726 2386 V.

247 2472 296 2535 put
306 2471 371 2519 aunt
381 2470 414 2519 ad
427 2485 459 2520 ea
471 2468 625 2536 aucupum.
649 2467 684 2520 So
697 2467 729 2520 de

211 2533 255 2589 lin.
273 2537 316 2593 lv.
334 2537 358 2600 3,
378 2540 405 2588 ἰι
427 2537 502 2588 Zeno
525 2543 550 2588 et
573 2540 606 2589 ab
629 2552 661 2587 eo
683 2539 731 2602 qui

210 2610 287 2666 aunt3
312 2621 338 2672 p.
356 2604 421 2658 Mur.
439 2607 481 2671 30,
498 2607 546 2659 63:
573 2607 663 2657 nostri
686 2604 731 2656 illi

213 2691 229 2725 a
248 2675 360 2726 Platone
377 2675 572 2738 etAriatotele5
589 2671 684 2740 griech.
702 2677 733 2725 ot

213 2743 271 2794 dard
287 2738 448 2808 Πλάτωνος,
466 2748 496 2794 ol
512 2744 569 2794 dard
594 2747 641 2810 τῆς
653 2737 729 2795 'sinu-

214 2806 333 2879 ὃημσιασ.
369 2810 532 2878 Vollctdndlg
549 2813 585 2864 iet
601 2811 646 2864 der
662 2810 729 2862 Aus-

213 2878 294 2931 drnelt
307 2880 323 2946 ᾖ
337 2882 365 2933 8:
384 2896 437 2943 eoa,
456 2883 548 2947 quial
561 2877 731 2946 hr'aprcsecti

210 2951 281 3000 erent.

248 3017 271 3068 3.
292 3030 465 3066 nemone·-
483 3015 597 3080 qua'dem,
625 3013 679 3081 vgl.
697 3029 729 3065 au

212 3080 362 3145 1.aa,5a:
390 3097 538 3149 numquam
566 3099 600 3133 ne
627 3084 731 3134 moueri

213 3150 328 3216 quidem,

248 3221 272 3269 5.
290 3219 345 3282 ipsi
370 3221 403 3269 at.
421 3218 496 3283 ipris,
522 3231 543 3268 e.
561 3222 641 3270 unten
659 3233 691 3270 au
704 3218 729 3281 1,

215 3286 410 3350 11:2‘preaidr'.

248 3352 664 3418 numerumnunerum.

248 3425 272 3475 8.
290 3423 451 3487 Epicurum.
470 3420 553 3473 Wenn
571 3421 656 3487 gleieh
669 3421 729 3488 Epi·

217 3490 266 3543 laur
283 3505 334 3543 vnn
347 3490 436 3543 Cicero
454 3489 488 3541 im
507 3489 677 3555 allgemeinen
695 3507 727 3543 zu

214 3559 421 3626 geringscntuig
448 3559 570 3611 heurteilt
593 3558 670 3623 vird,
697 3574 726 3610 so

212 3628 247 3680 iat
272 3628 339 3681 doch
361 3628 434 3680 nieht
459 3642 491 3679 an
518 3627 643 3694 lengum,
669 3625 725 3679 dela

213 3710 248 3757 er,
267 3695 327 3748 weil
340 3712 368 3748 er
386 3697 427 3748 die
439 3694 569 3748 lliulelrtilr
581 3695 727 3762 uberhaupt

212 3764 369 3830 verachtete,
381 3765 407 3817 in
420 3764 508 3816 eeinen
521 3763 649 3816 Schriften
662 3763 725 3816 viel-

213 3830 271 3883 ieclr
289 3830 330 3883 die
347 3833 436 3900 ndtlge
454 3831 559 3884 Scirirle
577 3831 629 3884 und
648 3831 725 3898 Sorg·

212 3899 261 3951 lalt
272 3900 413 3953 verminsen
425 3900 492 3956 liele.
514 3900 551 3954 Zu
564 3905 613 3953 aut
622 3929 651 3940 ·—
663 3917 725 3953 con·

779 2061 1044 2189 dagummdm
1070 2127 1126 2179 rein
1149 2125 1294 2192 Liehlinga·

778 2195 882 2248 achdler
901 2197 995 2261 (poem
1012 2195 1081 2246 alter
1097 2195 1243 2260 Epicurus,
1261 2194 1294 2246 de

779 2261 869 2317 dull.
887 2265 934 2327 28,
952 2265 1007 2326 92),
1031 2261 1164 2315 Veniaeser
1184 2261 1295 2315 nalalrei-
1388 2305 1389 2332 p

779 2333 840 2384 cher
850 2331 1134 2396 Schriften,elgentliola
1144 2346 1189 2383 ans
1198 2331 1296 2395 Athen,

781 2400 843 2452 eber
860 2398 1022 2465 gewdhnlich
1036 2399 1233 2466 Lampsacenus
1250 2413 1297 2463 ge-

781 2473 874 2531 nennt,
901 2467 935 2519 iat
964 2467 1011 2518 ruit
1040 2467 1097 2521 dem
1122 2466 1297 2520 Alademiker

781 2535 816 2589 ll.
834 2535 967 2602 (12159)
979 2535 1094 2587 nlenten
1106 2536 1297 2590 verwecheeln.
1387 2553 1388 2556 ¹

815 2620 872 2656 non
895 2603 967 2668 sere,
991 2603 1062 2656 nicht
1084 2604 1177 2669 leiclrt,
1199 2605 1252 2656 vie
1276 2603 1297 2656 1.

784 2677 824 2738 l'l,
837 2675 879 2738 38,
896 2672 948 2725 und
965 2688 1022 2723 nnn
1038 2670 1124 2734 senne
1141 2671 1172 2724 V.
1183 2674 1223 2736 38,
1235 2675 1298 2726 111.

818 2745 857 2795 12.
871 2739 938 2806 Nee,
962 2743 987 2790 ei
1005 2746 1053 2793 cet
1092 2739 1139 2792 nie
1165 2741 1297 2807 Negation

781 2809 846 2862 wind
868 2810 926 2861 dem
944 2807 1164 2875 Bedingungsnatn
1187 2824 1298 2862 vorens·
1386 2813 1387 2852 ἓ

780 2877 927 2945 mechinia,
951 2892 1026 2928 uenn
1051 2892 1098 2930 aue
1120 2877 1216 2929 dieeem
1234 2877 1298 2929 eine

780 2947 900 3012 negative
917 2945 1063 3011 Folgerung
1079 2959 1195 3011 genogen
1214 2944 1296 3006 wird;

780 3016 833 3080 vgl.
856 3015 888 3067 de
911 3013 1059 3076 ouillo,
1079 3016 1140 3067 tto:
1166 3011 1242 3079 Non,
1270 3017 1298 3064 si
1385 3055 1386 3058 ,

782 3083 917 3149 Opimium
926 3081 1078 3147 defendisti,
1086 3081 1179 3147 Carbo,
1188 3082 1297 3134 ideireo
1385 3089 1386 3096 ’

780 3155 807 3201 te
825 3153 872 3201 isti
889 3154 986 3202 bonum
1005 3153 1088 3201 ciuem
1104 3152 1249 3216 putabunt.

816 3222 857 3273 15.
874 3221 904 3270 e'n
926 3222 1080 3270 contrariae
1093 3220 1184 3284 partia
1206 3241 1241 3262 -
1266 3221 1298 3270 in

779 3291 921 3354 utramque
937 3291 1042 3353 partam
1059 3286 1102 3352 (de
1120 3285 1298 3354 oraclum,

781 3357 851 3421 roal:
870 3355 910 3408 ldr
927 3354 980 3406 und
998 3353 1086 3407 wider.

816 3426 855 3476 18.
871 3427 1006 3491 princeps,
1024 3437 1045 3474 s.
1063 3438 1085 3474 a.
1103 3421 1141 3474 lll.
1161 3425 1201 3487 11,
1214 3425 1259 3476 36.

811 3492 975 3544 Aristoteles.
1010 3489 1099 3543 Cicero
1122 3491 1221 3557 sprielrt
1238 3507 1296 3544 von

778 3560 827 3612 den
854 3575 944 3626 rogen.
970 3553 1127 3623 ἐπιδείξειε,
1157 3558 1182 3610 d.
1200 3559 1218 3611 ι.
1248 3576 1297 3613 zu·

777 3625 1044 3693 cammenhfingendeu
1063 3626 1205 3692 Vortrigen
1229 3628 1297 3681 uber

777 3696 832 3761 dae,
850 3711 904 3749 was
916 3696 957 3748 ιιιι
968 3694 1031 3746 oder
1042 3709 1125 3761 gegen
1138 3695 1195 3746 eine
1208 3695 1297 3749 Saclre

777 3781 809 3816 nn
827 3779 907 3831 aagen
925 3779 991 3827 war,
1008 3763 1108 3815 welche
1128 3763 1232 3815 sownhl
1250 3764 1296 3817 die

777 3830 1296 3954 illinuntururrun-

777 1995 917 2043 scetantur
935 1990 986 2058 vgl.
1003 1990 1043 2044 lll.
1061 1993 1103 2057 31,
1121 1995 1167 2046 aa:
1185 1996 1237 2044 aut
1253 2008 1293 2042 ra·
1389 2051 1390 2076 ἒ
