2800 4476
508 240 812 308 mmmmmm
1137 239 1195 301 mr

112 412 151 474 ab
169 411 377 493 Syracusanis,
396 432 463 474 cnm
480 433 544 475 esse
560 413 683 475 omnino
704 422 855 494 negarent,
871 423 1006 494 saeptum
1021 414 1154 494 undiquc
1169 424 1199 476 et

85 565 86 570 .
112 497 259 560 vestitum
281 497 420 579 vepribus
449 508 479 560 et
500 499 627 561 dumetis
655 498 789 578 indagavi
818 500 997 579 sepulcrum.
1048 499 1197 561 Tenebem

115 583 200 644 eninr
219 584 364 662 quosdam
381 585 559 668 senariolos,
581 603 657 663 quos
671 585 702 644 in
718 585 782 646 eius
796 593 992 646 monumento
1013 603 1077 646 esse
1092 585 1198 646 inscri-

115 677 187 748 ptos
208 686 397 749 acceperam,
423 670 473 750 qui
493 670 682 731 declarabant
699 670 730 730 in
746 687 862 732 summo
884 669 1020 750 sepulcro
1044 670 1198 750 sphaeram

76 767 90 816 5
113 772 181 815 esse
196 753 325 833 positam
344 773 410 816 cum
425 755 567 834 cylindro.
594 755 657 833 Ege
669 763 777 828 autem,
793 773 860 816 curn
874 754 971 816 omnia
983 755 1198 818 conlustrarem
1219 767 1248 816 65

114 839 214 900 oculis
226 871 269 883 -
281 847 326 900 est
337 839 416 901 enim
428 840 464 901 ad
475 840 799 920 portasAgrageirtinas
810 859 915 920 magna
923 839 1089 922 frequentia
1100 842 1199 920 sepul·

115 941 243 984 crorum
263 958 319 999 —,
342 924 473 986 animum
495 925 605 986 adverti
627 925 811 986 columellam
834 944 895 985 non
918 926 1044 987 multum
1067 944 1083 986 e
1104 926 1199 988 dumis

115 1009 315 1082 eminentem,
331 1011 361 1070 in
379 1028 436 1090 qua
451 1010 548 1072 inerat
563 1015 704 1090 sphaerae
717 1012 810 1090 figura
827 1019 857 1070 et
871 1010 1006 1090 cylindri.
1033 1013 1128 1090 Atque
1144 1031 1198 1092 ego

114 1094 218 1155 statim
236 1094 427 1174 Syracusanis
442 1129 483 1140 -
499 1104 584 1157 erent
606 1105 703 1158 autem
726 1095 878 1175 principes
894 1113 1010 1157 mecum
1025 1129 1065 1140 --
1079 1095 1138 1156 dixi
1153 1115 1200 1158 me

64 1190 91 1242 tt
113 1179 190 1241 illud
207 1179 307 1260 ipsum
321 1179 459 1242 arbitrari
470 1199 535 1242 esse
548 1182 626 1260 quod
641 1198 825 1260 quaererem.
851 1179 977 1242 lmmissi
993 1199 1061 1242 cum
1077 1181 1200 1243 falcibus

115 1265 206 1325 multi
222 1274 391 1344 purgarunt
405 1274 435 1327 et
449 1276 632 1345 aperuerunt
646 1266 755 1328 locum.
782 1265 849 1338 Quo
865 1283 932 1327 cum
944 1266 1108 1345 patefactus
1123 1277 1201 1329 esset
1221 1278 1251 1328 66

116 1350 228 1425 aditus,
252 1351 287 1411 ed
310 1351 459 1412 adversam
482 1351 576 1413 basim
599 1350 786 1413 accessimus.
831 1349 1000 1430 Apparebat
1021 1350 1200 1430 epigramma

117 1436 217 1497 exesis
241 1422 611 1516 posterioribusp'a'rtibus
632 1435 845 1498 versiculorum
866 1435 1021 1497 dimidiatis
1043 1436 1114 1498 lere.
1158 1436 1201 1496 lta

116 1519 307 1581 nobilissima
330 1520 468 1582 Graeciae
491 1521 607 1596 civitas,
638 1522 787 1600 quondam
814 1538 885 1581 vero
908 1521 994 1583 etiam
1024 1521 1201 1595 doctissima,

66 1613 93 1664 ti
116 1606 162 1666 sui
180 1605 255 1666 ciris
276 1605 366 1668 unius
387 1605 547 1668 acutissimi
568 1616 795 1668 monumentum
817 1605 997 1685 ignorasset,
1023 1605 1079 1668 nisi
1095 1607 1131 1667 ab
1146 1607 1200 1667 ho·
1221 1627 1247 1660 e-

116 1691 202 1752 mine
218 1690 353 1770 Arpinati
369 1691 526 1755 didicisset.
557 1692 614 1754 Sed
631 1693 732 1753 redeat
746 1691 826 1752 unde
838 1691 982 1752 aberravit
997 1692 1100 1752 oratio.
1127 1691 1201 1763 Quis

118 1783 164 1836 est
187 1777 340 1850 omnium,
364 1778 414 1856 qui
440 1778 527 1838 modo
550 1796 617 1840 cum
633 1777 741 1844 Musis,
763 1776 792 1836 id
815 1785 858 1838 est
880 1795 948 1837 curn
969 1777 1151 1839 humanitate
1173 1786 1202 1839 et

119 1879 190 1922 curn
215 1860 367 1937 doctrina,
390 1861 496 1923 habeat
517 1861 635 1942 aliquod
657 1862 885 1948 comrqepcium,
908 1861 959 1940 qui
982 1880 1013 1923 se
1036 1881 1096 1922 non
1119 1863 1201 1923 hunc

117 1947 362 2008 mathematicum
389 1947 470 2008 malit
492 1966 579 2027 quam
606 1947 688 2008 illum
709 1935 893 2026 tyr'innum?
931 1947 960 2008 Si
982 1947 1055 2007 vitae
1080 1948 1201 2008 modum

69 2039 96 2090 10
118 2032 331 2111 actionemque
347 2033 532 2111 quaerimus,
556 2032 675 2095 alterius
698 2050 782 2092 mens
805 2031 970 2092 rationibus
990 2031 1135 2110 agitandis
1150 2052 1200 2093 er-

120 2116 336 2196 quirendisqee
351 2117 487 2179 alebatur
509 2136 576 2179 cum
593 2117 790 2179 oblectatione
812 2117 973 2204 sollertiae,
997 2117 1046 2196 qui
1063 2127 1107 2179 est
1122 2137 1200 2179 unus

119 2249 185 2298 gens
209 2233 281 2286 hatte
300 2249 326 2286 er
347 2234 435 2287 seinen
454 2235 549 2288 Posten
567 2235 638 2287 nicht
688 2233 765 2286 deren
789 2233 854 2286 auch
882 2232 926 2285 der
947 2232 1088 2301 Philosoph
1111 2233 1203 2302 Empe·

118 2302 145 2351 in
160 2300 275 2369 Syracus
290 2303 379 2366 setosi,
397 2302 506 2355 sondern
524 2303 551 2354 in
569 2303 638 2372 Lily·
690 2301 782 2354 dolrles
800 2301 895 2366 gelebt.

119 2370 199 2422 bium
223 2370 291 2421 heim
309 2369 400 2422 Prator
419 2370 477 2424 Sex.
496 2371 637 2424 Pedncdus.
726 2374 765 2424 15.
790 2372 871 2420 unius
893 2372 1048 2422 acutissimi.
1083 2369 1201 2424 Dieselbe

119 2437 156 2490 Zu
176 2440 255 2489 cuius
272 2453 320 2503 ego
338 2439 390 2504 vgl.
408 2440 425 2492 l.
446 2441 484 2504 16,
498 2442 538 2493 36.
690 2437 866 2503 Verstirhung
884 2436 930 2491 des
953 2437 1099 2504 Superletiv
1117 2439 1201 2505 gleich

158 2508 184 2560 4.
211 2508 352 2572 sphaeram
368 2535 402 2545 -
419 2523 479 2558 mam
505 2509 638 2574 cylindro.
689 2506 801 2558 uachher
813 2505 921 2558 wieder:
944 2522 1014 2556 unus
1030 2510 1202 2558 suavissimus

118 2573 288 2626 Archimedes
306 2574 351 2625 hat
369 2573 445 2627 niml.
464 2574 509 2626 das
525 2575 639 2627 Verhirlt·
688 2578 790 2640 partun
827 2572 853 2625 S.
872 2589 903 2624 zu
920 2572 962 2624 lV.
980 2575 1020 2638 25,
1042 2578 1082 2628 55.

119 2643 160 2694 nis
180 2642 227 2694 des
252 2641 449 2694 Knbilrinhaltes
472 2643 559 2694 beider
577 2643 640 2694 Kdr·
725 2643 757 2691 ai
775 2643 880 2690 homine
892 2641 1031 2706 Arpinati,
1050 2643 1120 2692 nicht
1134 2643 1201 2694 ohne

119 2725 167 2776 per
193 2725 225 2761 zu
250 2709 372 2761 einander
394 2716 479 2761 auersi
502 2709 639 2776 gelundc'n.
691 2707 991 2773 Genugthnunggesegt,
1010 2709 1041 2759 de
1060 2709 1112 2760 ihm
1131 2712 1201 2762 scine

120 2776 181 2844 Vgl.
201 2777 266 2828 euch
282 2777 300 2829 l.
315 2780 356 2839 25,
366 2778 407 2829 63.
691 2775 791 2840 Gegner
808 2775 850 2826 die
872 2775 998 2827 Herkunlt
1015 2791 1062 2827 ens
1080 2777 1124 2828 der
1142 2777 1203 2829 Pro-

155 2849 181 2899 6.
205 2845 421 2909 Agragentinar,
439 2861 492 2896 ron
511 2842 591 2914 Ακρά
610 2861 640 2897 ac
690 2842 855 2894 vinaialrtadt
876 2843 998 2908 Arpinum
1024 2843 1095 2896 nicht
1118 2844 1201 2896 selten

121 2937 155 2956 =
174 2913 369 2977 Agrigentum,
395 2913 481 2964 wohin
507 2912 551 2964 das
570 2864 640 2965 'lior
691 2926 749 2962 zum
769 2907 890 2962 Vorwnrl
905 2911 1032 2963 mechten.

121 2981 218 3034 ldhrte.
727 2981 767 3032 16.
782 2981 869 3032 adem.
885 2982 984 3045 oratio,
999 2994 1019 3031 s.
1030 2996 1052 3031 a.
1061 2979 1097 3032 lll.
1108 2982 1149 3045 33,
1160 2983 1200 3035 80.

159 3051 183 3100 i.
202 3051 321 3099 aetrnum
339 3049 451 3113 adverti,
469 3048 534 3100 euch
546 3049 584 3100 lll.
598 3051 639 3113 10,
728 3050 768 3099 11.
780 3063 839 3098 cum
851 3047 936 3098 Muris
951 3052 999 3100 cet.
1024 3048 1059 3100 So
1072 3053 1202 3114 agreedo·

123 3119 157 3171 48
178 3120 304 3182 getrennt.
690 3131 733 3166 rer
751 3115 843 3166 Musae
860 3141 893 3160 =
911 3117 1060 3181 eloquentia
1079 3117 1157 3183 (Orat.
1177 3121 1201 3184 3,

158 3189 183 3238 9.
207 3187 287 3236 erant
307 3189 410 3249 autem,
432 3199 453 3236 u.
471 3199 503 3235 zu
525 3184 543 3237 l.
562 3185 591 3249 2,
610 3187 638 3237 3:
692 3185 748 3248 12);
765 3185 1105 3236 mamaeam-estruem
1113 3186 1202 3252 philo-

122 3254 242 3304 duaerat
259 3257 356 3303 autem.
690 3253 785 3317 sopita
803 3251 845 3316 (ad
863 3251 922 3305 iam.
940 3253 958 3307 1.
977 3256 1001 3315 9,
1020 3256 1071 3318 23).

159 3324 199 3375 11.
213 3322 300 3385 multi,
314 3320 372 3373 weil
382 3319 423 3373 die
434 3319 584 3384 Siiuberung
594 3318 639 3371 des
728 3321 767 3373 18.
786 3323 834 3386 qui
846 3349 879 3357 -
897 3325 1052 3388 tyrannum.
1084 3319 1141 3386 Vgl.
1161 3325 1200 3387 19,

122 3387 639 3441 PlataesinherzerZeitnichtleichtwar.
692 3389 737 3440 54:
755 3388 848 3440 mallee
866 3393 891 3438 te
908 3418 941 3427 —
959 3391 1099 3441 censuum.

157 3459 198 3510 12.
211 3459 248 3509 ad
258 3457 398 3508 adversam
410 3449 640 3509 barim:‘zurVor·
726 3459 766 3509 19.
792 3459 863 3508 vitae
884 3457 991 3508 modum
1018 3460 1202 3522 actionemque

123 3523 234 3577 derseite
254 3524 298 3577 des
317 3517 501 3591 Fulsgestells’.
686 3515 809 3577 ‘Lebene
826 3524 878 3576 und
890 3519 1201 3590 Beschiltigungsweise’.

160 3595 199 3646 13.
217 3597 317 3644 eaesis:
334 3595 485 3646 verwittert.
727 3594 766 3645 20.
784 3595 938 3658 rationibus
954 3593 1091 3657 agitandis
1109 3597 1201 3659 eequi-

159 3665 199 3715 14.
214 3660 354 3725 Graeciae,
373 3663 412 3714 lr'rr
424 3677 539 3726 magnae
559 3661 639 3712 Grae-
690 3663 843 3727 rendieque:
871 3659 1035 3726 Uberlegung
1061 3660 1112 3712 und
1139 3662 1202 3713 Aul-

124 3730 189 3792 ciae,
203 3729 253 3781 wie
265 3745 290 3796 p.
300 3731 375 3782 Arch.
389 3733 413 3796 5,
426 3733 471 3784 1οε
485 3733 513 3780 in
525 3729 639 3782 Graecia
690 3727 798 3792 findung
815 3743 865 3780 von
884 3727 1095 3794 Berechnnngen.

124 3799 242 3848 homines
255 3826 286 3834 —
299 3797 416 3863 Reginos
435 3803 482 3849 aut
494 3797 638 3849 Lacrimas
725 3799 766 3849 21.
786 3797 878 3847 adieci.
894 3796 1042 3848 sollertiae:
1060 3797 1157 3851 Frende
1169 3814 1202 3849 an

125 3871 173 3916 aut
189 3864 383 3932 Neapolitanae
401 3871 450 3917 aut
470 3865 494 3917 T
492 3869 637 3918 arentinos.
690 3863 735 3916 der
753 3863 949 3917 erfinderirchen
973 3864 1192 3933 Scheffnngslrralt

159 3933 323 3986 duodecima:
336 3934 390 3986 hier
406 3934 477 3986 hatte
490 3936 575 3986 auster
593 3949 637 3985 an·
691 3931 752 3988 Gen.
772 3947 872 3985 causae.
