2804 4474
487 815 601 878 LIBER
622 813 798 878 TERTIUS.

407 949 449 1001 llll
467 947 686 1002 snonlrunrnu
704 947 874 1003 LENlllNlld.

565 1073 713 1084 uu—-u--n

173 1170 334 1243 Quidnam
346 1191 420 1247 esse,
436 1173 537 1248 Brute,
553 1191 658 1236 causae
672 1182 774 1254 putem
790 1191 853 1248 cur,
869 1192 936 1236 oum
952 1183 1123 1238 constemus
1138 1194 1174 1237 ex
1192 1161 1208 1214 ¹

82 1255 188 1317 animo
207 1267 242 1320 et
259 1276 404 1338 corpore,
420 1259 555 1338 corporis
570 1259 692 1320 curandi
709 1258 871 1338 tuendique
887 1277 974 1321 causa
991 1260 1121 1338 quaesita
1137 1261 1175 1322 sit
1197 1239 1210 1290 ¹

84 1358 132 1400 ars
143 1349 244 1422 atque
259 1344 324 1405 eius
336 1343 445 1405 utilitas
456 1344 579 1405 deorum
590 1343 800 1406 immortalium
812 1344 977 1406 inventioni
992 1352 1174 1420 consecrata,

6 1503 9 1512 Ι
85 1426 179 1487 animi
192 1436 300 1489 autem
314 1428 458 1490 medicina
475 1447 532 1490 neo
546 1437 606 1490 tam
620 1428 783 1490 desiderata
799 1429 837 1490 sit
858 1437 926 1490 ante
942 1447 1031 1508 quam
1047 1428 1174 1503 inventa,

50 1519 63 1567 5
83 1520 225 1573 nectam
243 1513 324 1576 culta
344 1521 446 1592 postea
469 1531 556 1594 quam
572 1514 689 1592 cognita
705 1522 765 1588 est,
788 1532 844 1575 nec
861 1522 921 1576 tam
936 1512 1036 1575 multis
1050 1521 1129 1593 grata
1145 1521 1176 1574 et

86 1596 240 1673 probata,
268 1597 405 1678 pluribus
428 1598 515 1660 etiam
538 1607 675 1678 suspecta
698 1607 727 1660 et
741 1596 854 1660 invisa?
876 1600 921 1660 An
945 1599 1024 1678 quod
1040 1599 1174 1678 corporis

85 1682 271 1758 gravitatem
288 1692 317 1745 et
330 1682 464 1744 dolorem
479 1682 578 1744 animo
594 1682 767 1757 iudicamus,
784 1684 875 1744 animi
894 1682 1031 1744 morbum
1047 1701 1173 1763 corporo

6 1811 9 1834 ,
88 1785 151 1827 non
168 1765 346 1830 sentimus?
367 1767 410 1828 lta
425 1769 458 1830 fit
473 1776 505 1829 ut
519 1768 635 1830 animus
650 1768 686 1829 de
702 1787 733 1830 se
751 1769 815 1848 ipse
830 1777 893 1830 tum
909 1768 1035 1842 iudicet,
1060 1785 1127 1828 cum
1142 1766 1172 1827 id

6 1873 8 1933 p
86 1849 202 1928 ipsum,
221 1872 284 1933 quo
300 1853 455 1927 iudicatur,
470 1861 610 1933 aegrotet.
637 1852 724 1924 Quod
739 1853 764 1915 si
778 1853 844 1914 talis
859 1873 914 1915 nos
931 1861 1035 1914 natura
1051 1851 1172 1932 genuis-
1196 1863 1210 1915 2

41 1939 67 1992 to
87 1944 149 2010 set,
173 1947 210 2000 ut
236 1956 300 1999 eam
322 1939 416 2018 ipsam
436 1937 546 1999 intueri
562 1946 592 1998 et
608 1938 777 2018 perspicere
793 1938 955 2018 eademque
971 1937 1081 2018 optima
1096 1936 1172 1998 duce

11 2091 14 2098 Ι
89 2037 217 2083 cursum
235 2023 309 2083 vitae
321 2024 470 2085 conticere
485 2040 650 2102 possemus,
665 2023 742 2086 haud
758 2031 822 2084 erat
836 2040 907 2084 sane
923 2021 1002 2101 quod
1018 2021 1172 2100 quisquam

89 2106 246 2169 rationem
270 2125 304 2169 ac
326 2108 490 2169 doctrinam
513 2108 689 2186 requireret.
722 2107 809 2170 Nunc
830 2107 968 2188 parrulos
992 2106 1078 2168 nobis
1093 2105 1174 2167 dedit

124 2241 148 2292 3.
182 2245 245 2292 dur
269 2242 426 2293 utilitas-
446 2246 610 2306 consecrata,
660 2243 898 2307 mmgraaitctom.
911 2237 1172 2306 (defin.lV.12,3l);

90 2303 143 2359 ltu:
167 2326 202 2360 aa
222 2313 334 2376 propter
350 2310 493 2360 utilitatem
511 2310 553 2360 dr's
569 2312 610 2359 tn·
661 2309 800 2376 cigentlich
817 2309 863 2362 der
884 2308 1010 2372 Zustand,
1029 2322 1073 2360 wo
1089 2307 1172 2390 einerp

89 2379 251 2428 ventor-thus
273 2379 374 2428 tributa
396 2377 509 2443 ideoque
530 2392 609 2428 sacra
662 2375 703 2428 die
715 2375 818 2430 Glieder
831 2376 932 2429 schwer
949 2375 1015 2438 sind,
1032 2375 1111 2428 daher
1123 2375 1172 2427 Un-

90 2442 194 2497 loln'la.
232 2443 282 2496 ller
294 2443 429 2497 Auedruclr
446 2445 481 2496 ist
498 2444 544 2497 sni
559 2443 609 2496 den
661 2444 787 2497 wohlsein
804 2445 956 2512 uberhaupt.

90 2508 244 2565 bekannten
257 2511 483 2580 Sprsclrgebrouch
501 2511 609 2564 znrdclr-
701 2516 725 2566 l.
749 2516 836 2564 anima·
859 2513 981 2563 morbum
995 2539 1030 2550 -
1043 2515 1173 2576 aegrotet.

90 2579 234 2633 zuluhren:
247 2580 393 2700 implorare
403 2582 518 2632 alicuius
530 2584 609 2631 auct-
660 2578 778 2632 Gensuer
801 2580 883 2631 wire:
910 2580 943 2630 do
964 2580 1050 2630 anime·
1072 2579 1179 2642 morbos

91 2645 167 2714 lium,
182 2650 273 2713 jeman
291 2663 324 2700 en
342 2664 389 2701 um
403 2647 470 2700 Hilre
481 2647 609 2712 eutichen,
660 2651 787 2713 'quoniam
801 2662 912 2714 corpore
923 2661 978 2696 non
989 2647 1126 2709 senumve,
1139 2646 1171 2695 ab

92 2715 238 2783 increpare
249 2714 609 2782 alcsperfidiam‚jemsnden
661 2715 823 2780 aegrotandi
840 2718 930 2765 animo
949 2715 1007 2778 ipso
1025 2713 1173 2763 iudicatur.

91 2783 608 2919 ltttalttlttlldeluat·
697 2786 736 2902 ll·
754 2771 1100 2902 utaitltltlltm
1118 2817 1161 2897 'n

370 2890 377 2904 ‚
424 2892 431 2917 ‚
480 2891 486 2904 ,
598 2877 609 2888 .
730 2887 737 2902 ‚
1104 2883 1111 2908 ‚
1161 2873 1173 2884 .

94 2922 147 2970 tur.
178 2919 226 2972 llic
238 2921 282 2971 det
298 2921 462 2972 immortales
478 2917 536 2971 sind
553 2918 609 2970 hier
660 2933 743 2985 gegen
763 2921 803 2982 10,
822 2919 866 2970 22:
884 2931 939 2967 non
955 2930 1019 2965 sane
1035 2909 1172 2966 'durclrans

93 2985 190 3052 Apollo
208 2987 261 3041 und
278 2989 333 3040 sein
352 2987 423 3040 Sohn
441 2986 577 3053 nescnlsp.
659 2983 753 3039 nicht’.
1099 3041 1108 3064 ί

128 3059 152 3108 5.
172 3062 229 3108 tum
245 3056 343 3119 multis,
361 3057 438 3109 niml.
457 3071 537 3122 quam
550 3071 608 3108 cor-
696 3057 736 3108 12.
749 3055 882 3105 rationem
894 3067 927 3103 oo
941 3052 1092 3102 doctrinam
1113 3049 1173 3100 wic·

94 3128 169 3187 poris
190 3124 340 3189 medicinam
363 3124 503 3192 pluribus:
528 3138 609 3189 quam
660 3119 858 3175 sensclrsitliclre
871 3119 1024 3184 Belelrrung‚
1042 3119 1093 3170 wie
1111 3115 1129 3171 l.
1149 3121 1172 3181 l,

93 3199 176 3254 grata
196 3198 221 3242 ct
236 3209 279 3258 pr.
297 3197 343 3245 cst.
662 3192 775 3243 vrato
784 3194 812 3239 ct
822 3188 978 3256 discipilum
993 3187 1087 3252 13‚3o:
1097 3185 1173 3237 orella

130 3263 154 3312 o.
172 3259 220 3312 Die
238 3261 284 3312 mit
299 3276 336 3312 an
353 3260 517 3327 eingeleitete
528 3259 609 3325 Frage
659 3263 765 3310 tattone
781 3257 908 3323 nullaque
926 3257 1058 3307 doctrino.

97 3324 189 3380 druclrt
201 3327 250 3380 den
262 3327 402 3381 Gedsnlren
420 3343 474 3390 ans,
493 3327 608 3379 welchen
694 3317 846 3378 Nunc‘nun
863 3325 932 3388 aher,
951 3339 980 3375 so
998 3316 1081 3386 aber'‚
1098 3320 1175 3372 meist

97 3392 142 3447 der
153 3395 275 3463 Gelrsgte
287 3395 498 3448 rorsusslchtliclr
516 3411 547 3448 au
566 3395 610 3446 be·
660 3394 814 3446 initantum
836 3393 898 3445 oder
915 3408 992 3456 aero,
1014 3391 1065 3441 wie
1088 3387 1173 3455 gleielr

97 3460 209 3531 haupten
235 3466 339 3531 geneigt
361 3465 408 3526 ist,
431 3463 530 3516 enthalt
554 3463 609 3514 also
660 3462 773 3514 nschlrer
790 3478 816 3513 u.
832 3461 873 3513 lV.
893 3463 934 3524 24,
953 3461 997 3521 54,
1020 3456 1106 3508 indern
1131 3455 1173 3506 die

98 3529 610 3598 hierarcantdievornergenenoemage
661 3529 842 3582 Wirlrlichlreit
865 3528 910 3581 der
931 3525 1066 3592 lingierten
1084 3522 1173 3574 Nieht·

99 3603 307 3667 vorausgesetzte
335 3602 454 3652 Antwort
480 3623 514 3644 =
540 3599 610 3650 niclrt
662 3596 835 3649 wirlrlichlreit
854 3594 1083 3662 entgegengesetat
1099 3588 1172 3674 wind.

97 3668 168 3720 walrr
182 3671 240 3734 -t‚
258 3667 321 3720 oder
337 3669 364 3720 in
383 3667 456 3720 Form
474 3668 544 3719 einer
562 3665 610 3718 Be·
691 3652 1172 3732 paralelos-agniculos‘ltnnkchen;

99 3732 244 3803 hauptung:
269 3735 334 3788 (loch
354 3735 436 3799 wohl,
455 3736 505 3787 wic
521 3734 549 3787 ll.
570 3736 610 3798 18,
661 3735 712 3786 wie
725 3733 757 3785 dc
768 3732 812 3785 fln.
823 3731 853 3784 V.
867 3736 891 3796 l,
905 3729 1174 3808 manuteneamus

99 3806 144 3855 42:
163 3820 199 3855 an
217 3804 309 3855 eadem
327 3806 442 3855 breviter
459 3806 611 3867 attingam?
662 3805 740 3868 quasa·
751 3804 880 3853 virtutum
894 3797 1011 3864 micon
1027 3800 1173 3845 ctesmma.

132 3875 255 3938 corporis
268 3876 434 3938 gravitatem
443 3897 474 3917 =
483 3872 611 3922 menbro-
662 3870 698 3922 Zu
708 3869 765 3921 dem
776 3862 1173 3935 doppeltcnllcminntirmnrgl.

935 3950 970 4004 1*
