2804 4474
551 220 646 278 claun
663 223 705 278 IV.
723 228 816 292 22,10.
1178 227 1218 287 83

141 403 221 456 esset
236 413 303 457 cum
320 395 457 458 Hectore.
495 396 600 471 Cuius,
616 405 650 459 ut
665 414 746 457 arma
761 397 904 478 sumpsit,
919 398 1064 478 ingressio
1079 399 1218 462 laetitiam

141 480 239 541 attulit
265 481 369 556 sociis,
395 490 540 544 torrorem
566 489 664 544 autem
690 482 841 556 hostibus,
869 492 903 545 ut
926 483 1023 563 ipsum
1049 483 1217 561 Hectorem,

141 584 232 645 quem
252 566 288 626 ad
308 566 429 628 modum
453 576 498 629 est
518 568 596 647 apud
618 567 796 642 Homerum,
822 575 884 629 toto
900 576 1021 648 pectore
1041 576 1218 631 trementem

139 669 317 731 provocasse
335 651 372 712 ad
390 670 522 732 pugnam
541 653 715 733 paeniteret.
751 654 847 732 Atque
867 653 898 715 hi
913 654 1063 716 conlocuti
1083 655 1161 717 inter
1176 675 1218 730 se,

102 748 117 798 a
139 737 224 816 prius
245 755 332 816 quam
344 755 465 798 manum
477 745 680 811 consererent,
695 737 802 800 leniter
813 747 846 800 et
861 739 960 817 quiete
972 738 1044 800 nibil
1059 759 1097 802 ne
1112 740 1143 802 in
1155 741 1219 822 ipsa

138 821 260 900 quidem
279 840 379 901 pugna
400 822 542 885 iracunde
556 821 708 884 rabioseve
723 823 868 885 fecerunt.
903 823 966 904 Ego
982 843 1021 886 ne
1035 825 1218 904 Torquatum

137 907 259 986 quidem
273 907 370 982 illum,
389 908 440 987 qui
455 907 512 970 hoc
528 926 694 987 cognomen
712 907 840 981 invenit,
862 908 968 971 iratum
984 909 1119 972 existimo
1135 911 1217 972 Gallo

135 1003 277 1071 torquem
296 993 456 1055 detraxisse
478 1011 535 1054 nec
549 993 719 1054 Marcellum
742 994 821 1072 apud
836 993 1006 1056 Clastidium
1021 996 1088 1057 ideo
1108 998 1216 1058 lortem

135 1078 244 1151 luisse,
268 1078 335 1157 quia
350 1078 440 1139 fuerit
460 1079 560 1140 iratus.
591 1078 633 1140 lle
648 1078 789 1139 hlricano
804 1078 941 1158 quidem,
963 1081 1031 1158 quia
1054 1080 1153 1143 notior
1173 1091 1218 1144 est
1238 1094 1269 1146 tt

86 1170 113 1223 to
135 1162 225 1224 nobis
239 1171 362 1242 propter
374 1173 525 1225 recentem
536 1163 720 1237 memoriam,
736 1164 782 1224 vel
795 1163 894 1225 iurare
908 1183 1040 1243 possum,
1055 1184 1118 1228 non
1133 1167 1216 1228 illum

133 1247 287 1309 iracundia
308 1253 370 1309 tum
393 1248 606 1310 inflammatum
628 1248 735 1322 luisse,
764 1267 832 1310 cum
855 1249 886 1310 in
911 1249 974 1310 acie
995 1250 1034 1310 bl.
1056 1251 1215 1314 Allienium

134 1332 307 1413 Paelignum
323 1341 409 1395 scuto
425 1333 588 1414 protexerit
602 1333 790 1412 gladiumque
805 1333 883 1396 hosti
904 1333 935 1394 in
952 1343 1056 1412 pectus
1071 1336 1211 1398 infixerit.

133 1419 177 1480 De
199 1417 234 1478 L.
256 1418 349 1478 Bruto
377 1419 503 1482 fortasse
532 1418 688 1480 dubitarim
717 1437 754 1480 an
784 1426 908 1499 propter
936 1419 1085 1482 infinitum
1114 1420 1215 1484 odium

132 1503 255 1584 tyranni
271 1503 441 1565 effrenatius
456 1504 486 1564 in
503 1505 664 1566 Arruntem
678 1504 833 1580 invaserit;
853 1504 937 1566 video
954 1504 1033 1566 enim
1054 1513 1214 1586 utrumque

80 1597 108 1647 15
131 1589 300 1650 comminus
326 1588 388 1650 ictu
410 1588 550 1650 cecidisse
576 1590 739 1678 contrario.
775 1588 852 1661 Quid
876 1589 968 1668 igitur
988 1590 1049 1651 huc
1070 1590 1215 1653 adhibetis

131 1671 228 1735 iram?
257 1691 295 1734 an
311 1674 469 1748 tortitudo,
493 1673 549 1735 nisi
564 1674 697 1736 insanire
713 1674 825 1755 coepit,
846 1674 974 1754 impetus
996 1694 1066 1738 suos
1082 1696 1143 1738 non
1160 1677 1214 1738 ha·

131 1757 204 1820 bct?
234 1756 335 1829 Quid?
365 1759 540 1830 Herculem,
567 1777 655 1838 quem
679 1759 710 1820 in
734 1759 847 1820 caelum
868 1760 923 1821 ista
949 1758 1027 1838 ipsa,
1054 1780 1141 1840 quam
1163 1780 1214 1823 vos

130 1844 314 1906 iracundiam
331 1862 396 1906 essa
417 1844 517 1917 voltis,
539 1844 658 1906 sustulit
674 1844 834 1916 fortitudo,
856 1844 1004 1906 iratumne
1019 1864 1124 1908 censes
1140 1865 1213 1908 con·

131 1929 241 1990 llixisse
267 1947 336 1990 cum
356 1929 547 2008 Erymanthio
575 1947 648 2009 apro
676 1938 728 1990 aut
752 1929 839 1991 leone
858 1928 1030 1991 Nemeaeo‘l
1065 1950 1102 1992 an
1125 1932 1212 1993 etiam

74 2025 106 2076 ,2ο
132 2014 266 2076 Theseus
281 2014 458 2075 Marathonii
474 2015 550 2076 tauri
565 2033 681 2076 cornua
704 2015 929 2094 comprehendit
943 2013 1058 2077 iratus?
1087 2016 1159 2078 Vide
1175 2036 1213 2078 nc

165 2133 188 2182 l.
209 2129 290 2181 Gaias
308 2129 370 2196 geht
388 2130 434 2182 aul
448 2131 529 2196 AJax,
545 2130 583 2182 als
602 2129 647 2182 dle
698 2129 822 2183 deutsche
847 2124 912 2183 ‘was
933 2159 967 2169 -
991 2126 1095 2184 betrillt'
1123 2148 1214 2186 auszu-

127 2197 315 2265 llauptperson.
698 2197 824 2262 dincken,
846 2199 910 2252 wind
929 2198 981 2252 fast
997 2215 1044 2252 nur
1061 2201 1089 2252 in
1106 2200 1213 2254 Verbin-

163 2268 187 2319 3.
212 2282 289 2333 qaam
313 2266 350 2317 od
374 2266 482 2317 modum
508 2271 547 2318 est
572 2267 647 2334 apud
698 2266 769 2333 dung
779 2267 826 2319 mit
837 2264 914 2319 Verb.
928 2273 993 2320 sent.
1006 2273 1032 2320 et
1045 2268 1138 2325 declar.
1151 2271 1213 2335 (bis-

126 2335 280 2398 Hommum,
297 2334 333 2385 ib.
346 2350 370 2386 1.
384 2337 434 2387 214
445 2350 516 2402 sqq:
697 2335 801 2400 wellen)
820 2335 967 2402 gebraucht.
991 2335 1026 2388 So
1038 2338 1124 2403 gleich
1136 2339 1213 2391 nach·

127 2399 178 2454 ada
202 2398 233 2454 dd
249 2405 294 2454 καὶ
309 2396 426 2472 Ἀργεῖοι
446 2397 508 2473 μέγ’
527 2400 645 2474 ἐγήθεον
697 2404 756 2456 her:
773 2402 955 2458 11111111
969 2405 1116 2458 dubitarim
1131 2423 1167 2459 arc
1178 2437 1213 2446 —

331 2471 521 2539 eiaopoaiaaes·
696 2475 838 2532 invaserit;
849 2471 879 2526 V.
890 2475 931 2537 20,
943 2475 988 2525 57:
1002 2474 1035 2524 da
1046 2476 1096 2525 boe
1107 2476 1213 2527 bomine

131 2535 225 2607 Τρῶας
247 2531 277 2588 δὲ
299 2533 398 2607 τρόμος
421 2535 496 2590 αἰνὸς
518 2533 644 2604 ὑπήλυθε
696 2569 730 2578 -
744 2542 893 2606 accepimus
910 2541 1138 2603 summam-faisse
1156 2547 1212 2594 atas

368 2609 398 2656 ῖα
414 2607 539 2670 ἕκαστον,
697 2610 911 2674 temperantiam
928 2608 960 2659 de
973 2614 1037 2660 orat.
1053 2609 1083 2665 ll.
1098 2613 1119 2674 1,
1133 2613 1162 2664 3:
1180 2612 1213 2662 da

120 2665 235 2738 Ἕκτορί
256 2668 285 2724 τ’
305 2675 381 2737 αυτῷ
406 2671 495 2741 θυμὸς
518 2675 559 2725 ἐνὶ
584 2672 646 2740 1τὴ-
696 2677 816 2727 Antonio
832 2702 865 2713 —
878 2691 1065 2741 acceperamus
1082 2693 1159 2743 quarn
1176 2679 1213 2730 ad

315 2741 417 2802 ,θεσσι
434 2737 585 2794 πάτασσεν.
697 2744 805 2795 modum
821 2744 867 2794 1111
880 2747 929 2795 cet.
938 2771 973 2782 —
982 2733 1109 2810 Ubrigens
1120 2746 1155 2796 ist
1167 2745 1212 2798 der

161 2811 185 2860 5.
213 2823 246 2859 ne
272 2811 302 2859 11
326 2813 385 2876 ipsa
412 2810 519 2876 quidem
541 2826 645 2877 pagna,
694 2809 1211 2877 111111111131111111.9111111111

126 2891 147 2928 s.
166 2876 240 2929 llom.
259 2893 284 2929 v.
304 2880 353 2931 219
366 2894 423 2945 sqq.
447 2875 515 2929 Uber
527 2880 596 2930 11111
612 2895 645 2930 ua
698 2883 771 2932 sonst
788 2877 908 2944 nirgends
927 2879 1052 2932 erwihut.

124 2973 158 2982 —
169 2945 276 3010 quidem
294 2961 314 2998 s.
333 2961 364 2997 an
382 2946 400 2997 1.
414 2948 455 3009 23,
468 2947 509 3000 53.
730 2947 837 3015 quidem
852 2940 940 3010 ‘aber’,
959 2947 1009 2999 wie
1026 2947 1043 2999 l.
1062 2950 1104 3012 21,
1117 2951 1157 3002 61.

159 3015 183 3066 6.
211 3012 240 3065 Τ.
262 3013 381 3064 Manlius
407 3013 570 3082 Torquatus,
593 3017 640 3068 361
731 3018 771 3069 13.
789 3015 820 3066 L.
828 3015 923 3066 lanias
933 3015 1042 3082 Brutus,
1059 3031 1080 3068 s.
1093 3032 1126 3068 au
1137 3017 1155 3070 1.
1168 3021 1210 3083 31,

125 3095 149 3133 1.
168 3081 234 3144 (ibn,
257 3096 298 3132 am
315 3080 406 3134 Flusse
424 3081 498 3139 Anio.
524 3083 643 3136 111111.
696 3086 738 3137 89.
760 3082 814 3135 Liv.
831 3083 860 3134 ll.
873 3085 896 3135 2.

123 3153 177 3202 91.
192 3152 233 3201 19.
728 3152 876 3203 dubitarim
887 3167 923 3202 aaa
934 3179 977 3217 -,
994 3152 1045 3205 wie
1060 3151 1098 3206 lll
1111 3156 1152 3220 23,
1164 3157 1209 3208 55:

158 3219 311 3271 1111111111
325 3213 560 3285 ‘tauerstlbekam’.
581 3218 643 3271 Iler·
696 3220 770 3270 baud
785 3221 869 3270 sciam
887 3235 923 3270 aa
941 3248 982 3272 -.

124 3284 639 3340 selbehusdruclrvonderselhenSacbe:
730 3290 771 3341 14.
789 3288 865 3339 uideo
886 3282 938 3341 ‘ich
955 3287 1024 3341 finde
1041 3290 1077 3355 (in
1098 3290 1143 3343 der
1161 3289 1209 3343 Ge·

122 3355 154 3407 de
172 3352 216 3406 lin.
235 3354 253 3406 l.
273 3357 298 3415 1,
308 3355 350 3407 23.
695 3350 838 3422 scbicbtet',
849 3357 900 3409 wie
913 3359 938 3423 3,
951 3361 978 3417 ὅς
996 3356 1049 3423 vgl.
1059 3357 1098 3410 lll.
1112 3361 1153 3420 25,
1166 3361 1207 3412 59.

158 3424 182 3475 8.
204 3422 241 3473 M.
265 3422 395 3474 Claudius
418 3422 573 3489 Marcellus,
597 3423 642 3475 der
729 3427 769 3479 11.
787 3425 934 3477 Herculem.
953 3423 1012 3490 Vgl.
1030 3425 1058 3478 ll.
1076 3427 1100 3489 9,
1119 3427 1161 3477 22.

121 3491 248 3543 Eroberer
271 3505 322 3542 von
348 3488 472 3556 Syracus,
495 3492 566 3544 batte
589 3493 640 3544 222
727 3492 1206 3558 291111111111111111,1111111111

122 3558 163 3610 dle
183 3557 277 3610 Gallier
295 3558 336 3610 bei
350 3558 499 3612 Clastidium
517 3560 543 3611 in
556 3557 638 3611 Gallia
691 3575 744 3613 von
768 3559 889 3614 llercules
912 3575 959 3613 aus
978 3559 1051 3612 Greta
1075 3561 1206 3626 gebracht,

122 3626 265 3694 Cispadane
295 3627 450 3694 gescblageu
478 3629 530 3681 und
564 3628 637 3680 ibren
690 3644 742 3682 von
759 3628 1105 3697 Eurystheusaber.wieder
1122 3629 1207 3695 losge·

120 3694 207 3762 Konig
218 3693 395 3747 Viridomarus
413 3696 447 3746 im
460 3695 637 3763 Zweihample
688 3697 775 3750 lassen
793 3712 848 3750 war
865 3697 918 3749 und
935 3695 1022 3748 Attilra
1040 3700 1205 3761 verudstete,

122 3763 213 3829 erlegt.
245 3762 313 3815 Plut.
327 3760 407 3816 Marc.
426 3765 454 3826 63
483 3765 543 3817 Aur.
554 3763 584 3818 V.
602 3765 637 3817 de
689 3764 858 3822 his'l'heseus
875 3763 1038 3830 ihnerlegte.
1057 3763 1205 3820 0vid.blet.

122 3833 169 3886 111.
179 3831 216 3883 111.
230 3834 271 3884 45.
689 3831 740 3885 Vll.
758 3834 808 3884 433
821 3832 847 3886 ff.

156 3903 181 3953 9.
198 3899 240 3950 De
256 3897 400 3960 Assacano.
434 3897 508 3951 lliese
525 3898 572 3951 Art
590 3899 635 3953 das
723 3901 791 3953 Vide
802 3917 886 3964 no-,
903 3915 925 3954 s.
942 3899 1004 3954 aul.
1028 3902 1069 3969 34,
1082 3902 1122 3956 83.
1157 3898 1204 3952 blit

960 3985 996 4038 6*
