2800 4476
195 243 235 305 88
578 242 671 296 LIBER
689 242 731 298 lv.
748 243 791 306 26,
801 244 842 297 56.
852 245 894 294 51.

193 425 276 478 motu
292 416 397 490 animi,
413 415 522 496 quinti
538 415 653 477 ratione
668 434 730 476 non
746 423 861 496 potest;
882 433 938 476 nos
953 422 1061 488 autem,
1076 422 1110 474 ut
1124 413 1271 476 testificor

193 520 290 582 saepe,
305 502 341 562 dc
356 500 490 582 sapiente
505 501 683 580 quaerimus.

142 585 179 642 26
275 587 313 647 At
335 587 414 648 euim
429 585 569 648 aemulari
583 585 654 649 utile
669 593 729 658 est,
756 584 938 659 obtrectare,
957 583 1103 662 misereri.
1136 583 1197 645 Cur
1212 584 1269 644 mi-

141 669 171 717 tc
192 690 309 734 screare
331 672 430 752 potius
450 689 540 750 quam
560 673 639 733 ieras
661 690 765 751 opem,
786 670 812 732 si
832 670 860 731 id
882 672 979 731 iacere
999 666 1118 750 possis?
1141 688 1179 730 an
1203 670 1269 732 sine

191 756 393 820 misericordia
417 755 554 818 liberales
575 775 716 819 essenon
732 753 913 836 possumus?
935 755 1003 816 Non
1019 753 1099 816 enim
1114 754 1268 834 suscipere
1290 764 1306 816 5

191 842 247 923 ipsi
262 841 461 922 aegritudines
476 850 601 922 propter
615 842 687 904 alios
701 841 858 915 debemus,
881 840 932 902 sed
947 839 1035 913 alios,
1057 839 1082 901 si
1096 858 1268 918 possumus,

191 927 288 989 levare
299 927 492 1006 aegritudine.
515 926 691 988 Obtrectare
706 944 777 988 vero
790 926 875 987 alteri
889 934 940 987 aut
955 925 1003 986 illa
1017 924 1121 986 vitiosa
1135 924 1267 987 aemula·

191 1012 287 1086 tione,
311 1030 387 1091 quae
408 1011 541 1073 rivalitati
563 1012 668 1074 similis
688 1020 747 1086 est,
769 1010 909 1072 aemulari
931 1011 1003 1089 quid
1017 1009 1106 1071 habet
1121 1011 1267 1084 utilitatis,

190 1115 258 1158 cum
283 1097 322 1158 sit
342 1097 517 1158 aemulantis
539 1097 608 1178 angi
634 1096 731 1158 alieno
753 1096 850 1174 bono,
878 1094 958 1175 quod
980 1096 1044 1174 ipse
1063 1114 1126 1157 non
1149 1096 1265 1168 habeat,

190 1182 385 1245 obtrectantis
396 1191 494 1244 autem
506 1183 575 1261 angi
586 1182 683 1244 alieno
694 1181 786 1255 bono,
802 1181 881 1261 quod
897 1180 927 1242 id
943 1180 1030 1241 etiam
1046 1181 1121 1242 alius
1134 1178 1265 1242 babeat?
1287 1191 1317 1242 to

191 1266 249 1338 Qui
265 1266 294 1328 id
309 1267 468 1348 adprobari
482 1269 585 1347 possit,
601 1267 816 1348 aegritudinem
831 1266 984 1345 suscipere
999 1284 1055 1345 pro
1070 1266 1264 1345 experientia,

189 1353 215 1414 si
237 1353 307 1432 quid
330 1352 440 1414 babere
454 1350 547 1415 velis?
574 1370 643 1415 nam
663 1353 759 1413 solum
773 1351 884 1413 habere
900 1351 972 1414 velle
988 1369 1101 1412 summa
1116 1351 1267 1413 dementia

138 1448 167 1498 tr
189 1447 243 1500 est.
282 1437 499 1500 Mediocritates
524 1447 622 1500 autem
648 1438 791 1499 malornm
820 1437 886 1516 quis
906 1437 1025 1498 laudare
1047 1443 1128 1498 recte
1148 1435 1267 1517 possiti

190 1521 264 1594 Quis
285 1523 365 1584 enim
387 1527 499 1603 potest,
521 1523 552 1584 in
570 1541 628 1602 quo
644 1523 734 1584 libido
756 1522 934 1602 cupiditasve
949 1521 996 1596 sit,
1012 1540 1073 1581 non
1088 1521 1266 1583 libidinosus

189 1616 219 1668 et
240 1607 365 1686 cupidus
391 1627 470 1680 esse,
492 1609 523 1668 in
540 1627 600 1687 quo
615 1608 673 1682 ira,
696 1627 758 1670 non
774 1607 944 1681 iracundus,
959 1607 991 1668 in
1007 1625 1067 1685 quo
1083 1625 1186 1686 angor,
1204 1626 1265 1668 non
1289 1616 1319 1667 tt

189 1693 310 1766 anxius,
333 1693 364 1754 in
386 1712 446 1772 quo
464 1694 569 1767 timor,
591 1713 653 1755 uon
668 1691 810 1754 timidus?
832 1691 1038 1754 Libidinosum
1053 1692 1143 1771 igitur
1159 1701 1189 1753 et
1204 1692 1264 1753 ira-

189 1778 320 1839 cundum
341 1787 371 1840 et
391 1779 511 1840 anxium
534 1787 564 1840 et
583 1778 718 1839 timidum
740 1795 896 1840 censemus
920 1795 984 1838 esse
1009 1775 1197 1856 sapientem?
1227 1778 1264 1839 de

189 1863 275 1925 cuius
286 1863 460 1926 excellentia
471 1865 563 1926 multa
575 1865 694 1943 quidem
705 1863 763 1924 dici
776 1862 907 1942 quamvis
918 1863 983 1924 fuse
994 1861 1110 1941 lateque
1127 1873 1263 1942 possunt,

188 1949 240 2009 sed
260 1948 431 2011 brevissime
451 1950 502 2010 illo
523 1950 629 2022 modo,
651 1948 826 2029 sapientiam
849 1966 914 2010 esse
936 1965 1036 2010 rerum
1052 1947 1219 2009 divinarum
1235 1959 1265 2010 et

187 2032 384 2095 humanarum
399 2033 553 2096 scientiam
568 2033 845 2113 cognitionemque,
863 2050 938 2112 quae
954 2031 1098 2111 cuiusque
1113 2033 1157 2095 roi
1173 2051 1261 2094 causa
1283 2043 1312 2095 20

188 2117 240 2194 sit;
264 2137 301 2179 ex
322 2137 381 2198 quo
397 2119 524 2181 efficitur
538 2129 572 2180 ut
586 2120 682 2180 divina
698 2119 837 2192 imitetur,
853 2117 983 2180 humana
1006 2118 1104 2178 omnia
1120 2118 1263 2180 inferiora

187 2202 295 2265 virtute
307 2203 403 2265 ducat.
427 2203 460 2265 ln
473 2204 551 2266 hanc
561 2212 594 2264 tu
605 2204 706 2284 igitur,
722 2213 872 2282 tamquam
883 2203 914 2264 in
928 2220 1020 2275 marc,
1035 2203 1116 2281 quod
1130 2213 1176 2265 est
1190 2222 1263 2264 ven-

187 2287 225 2348 tis
240 2287 416 2361 subiectum,
431 2289 686 2369 perturbationem
698 2288 803 2350 cadere
815 2287 868 2349 tibi
880 2287 978 2350 dixisti
989 2286 1104 2348 videri?
1119 2288 1198 2361 Quid
1212 2297 1264 2362 est,

188 2370 268 2451 quod
285 2381 396 2434 tantam
414 2372 585 2451 gravitatem
600 2374 857 2453 constantiamque
872 2370 1049 2453 perturbet?
1071 2373 1107 2434 ad
1122 2375 1264 2454 improvi-

187 2474 253 2517 sum
275 2457 385 2535 aliquid
404 2467 455 2520 aut
476 2456 690 2538 repentinum?
711 2459 789 2531 Quid
810 2466 908 2538 potest
923 2457 1056 2519 accidere
1077 2458 1194 2534 micci,
1217 2459 1266 2521 cui
1287 2469 1316 2520 25

188 2541 270 2616 nihil,
286 2543 367 2621 quod
380 2542 493 2606 bomini
509 2543 628 2606 evenire
643 2544 744 2624 possit,
769 2563 831 2605 uon
847 2543 1090 2624 praemeditatum
1104 2542 1164 2606 sit?
1190 2545 1265 2606 Nam

186 2692 299 2746 teineren
312 2691 419 2756 llr'rnste,
431 2693 522 2746 uomit
533 2694 571 2746 sie
589 2694 631 2746 die
642 2693 698 2746 bei-
749 2698 813 2760 tang
830 2693 876 2745 der
892 2692 1097 2760 Peripatetiker).

186 2759 352 2814 denschaiten
365 2762 487 2830 cairogeu
499 2762 551 2815 und
560 2762 697 2816 benntzeo.
786 2764 826 2816 ta.
844 2765 967 2827 quamvis
976 2760 1045 2823 rme,
1064 2763 1113 2814 wie
1126 2761 1144 2816 l.
1158 2765 1202 2826 21,
1216 2765 1262 2815 47:

222 2829 338 2882 llttlcert
349 2834 427 2896 enim,
444 2830 499 2883 scil.
512 2835 548 2892 ei;
562 2830 608 2883 das
620 2830 696 2883 Pron.
749 2832 871 2896 quamvis
889 2833 1001 2896 copiose.

184 2897 250 2949 wird
268 2899 329 2951 aber
346 2915 394 2951 nur
405 2899 488 2952 seiten
505 2915 552 2952 vor
570 2899 627 2952 dem
641 2899 697 2951 Rel.
778 2900 818 2950 19.
828 2901 989 2964 sapientiam
1001 2914 1055 2949 ease
1067 2901 1116 2951 cet.
1142 2897 1263 2952 Dieselbe

185 2966 360 3032 congelassen,
379 2982 453 3019 wenn
466 2982 494 3019 es
506 2969 577 3020 uicbt
588 2968 615 3019 in
627 2967 697 3019 dem·
748 2964 891 3032 Erklirung
909 2980 929 3018 s.
939 2965 972 3018 V.
986 2969 1010 3028 3,
1022 2969 1047 3018 1.

186 3032 274 3085 selben
286 3034 366 3086 Casus
379 3035 447 3086 steht
458 3036 509 3087 wie
527 3035 618 3090 dieses.
636 3033 696 3102 Vgl.
782 3049 875 3084 reram
901 3035 1056 3086 divinarum
1083 3038 1110 3084 et
1133 3036 1263 3086 bumana-

184 3099 215 3152 V.
227 3105 250 3164 ’1,
264 3103 311 3153 ac:
330 3104 378 3166 pat
394 3105 544 3158 innecteret.
749 3117 818 3156 ram.
842 3101 956 3154 Ersterea
966 3101 1264 3168 sindGegenstindeder

219 3171 243 3222 8.
267 3169 412 3234 amatori,
435 3173 598 3238 obtrectare,
622 3174 698 3222 mire·
749 3168 1069 3236 NaturoderWirlrungen
1085 3169 1262 3237 derGottbeit,

184 3238 250 3301 reri,
268 3249 289 3288 s.
309 3238 350 3299 20,
363 3238 404 3288 tc.
748 3236 1262 3290 letateresdieVarbiltniesenndPtlicb·

218 3307 243 3358 t.
256 3307 351 3370 potiar
369 3320 450 3370 qaam
467 3306 509 3368 (ε
527 3308 607 3372 stati),
625 3321 646 3358 a.
664 3322 696 3358 cu
748 3309 792 3357 ten
804 3304 849 3357 der
858 3302 1006 3359 Mensolren.
1036 3304 1261 3371 Vgl.V.3,'lnud

182 3372 210 3426 ll.
228 3375 270 3437 22,
282 3375 324 3426 52.
748 3372 870 3440 Origenes
880 3388 903 3426 c.
913 3372 979 3427 Cels.
991 3373 1029 3426 lll.
1039 3390 1063 3440 p.
1073 3375 1135 3426 tat:
1147 3369 1164 3457 r}
1178 3377 1262 3442 σοφία

217 3443 241 3495 8.
258 3441 407 3492 rivalitati:
429 3437 696 3494 Nebenbublersehait
747 3437 882 3508 ἐπιστήμη
900 3439 992 3494 θείων
1009 3443 1067 3494 ἐστὶ
1084 3443 1131 3492 arai
1148 3441 1262 3512 ανθρω·

182 3509 208 3561 in
226 3509 271 3562 der
288 3509 373 3575 Liebe,
391 3507 544 3561 Eilersucbt.
745 3513 839 3562 πίνων
850 3508 1022 3581 πραγμάτων
1030 3512 1076 3560 καὶ
1084 3509 1145 3561 τῶν
1153 3509 1263 3562 τούτων

218 3581 258 3632 11.
276 3593 326 3644 pro
345 3594 359 3628 c
399 3568 597 3629 arimtia‘statt
614 3577 696 3630 selbst
747 3576 854 3630 αἰτίων.

182 3645 257 3698 einen
276 3645 373 3698 Versuc
409 3661 441 3698 au
458 3639 589 3700 macben'.
781 3647 823 3698 21.
842 3643 963 3707 allicitur
979 3651 1018 3710 at,
1036 3660 1057 3697 s.
1074 3661 1107 3698 an
1124 3644 1143 3697 1.
1162 3649 1187 3711 8,
1201 3648 1241 3699 16.

218 3715 257 3764 13.
273 3714 475 3766 Mediocritates
492 3714 625 3765 malorum
642 3707 696 3780 ‘ge-
781 3714 823 3766 26.
835 3729 891 3766 non
901 3714 1129 3780 praemeditatam
1145 3717 1190 3778 eit,
1208 3713 1262 3780 vgl.

181 3781 301 3848 milsigte
312 3770 400 3847 llbel’,
412 3795 475 3835 sau
487 3781 526 3835 111.
538 3785 561 3847 5,
573 3785 611 3836 11.
636 3780 693 3846 Vgl.
744 3779 783 3833 lll.
804 3784 843 3845 14,
862 3783 908 3834 30:
925 3797 981 3834 aaa
998 3785 1103 3833 evenire
1116 3796 1206 3846 posse.

183 3850 224 3913 20,
233 3850 278 3900 46:
297 3852 327 3899 in
339 3848 534 3911 omnibaafere
550 3852 631 3901 retas
642 3865 694 3900 me
780 3847 851 3900 Nam
870 3850 942 3916 qaod
959 3852 1045 3915 aiant,
1063 3865 1084 3902 s.
1100 3851 1143 3915 20,
1155 3851 1202 3911 46;
1220 3866 1262 3900 rc·

182 3915 349 3972 dormaton
360 3935 414 3969 eree
425 3916 695 3985 optamcmtBelraup-
745 3922 846 3969 sacam:
864 3917 1050 3984 bescbriulren,
1063 3917 1197 3983 einengen,
1210 3917 1262 3970 wie
