2804 4474
544 213 638 266 unnn
656 214 694 268 nr.
715 181 806 280 roan
1170 215 1209 274 25

132 403 328 461 moereamus,
344 386 395 459 sed
412 394 446 448 ut
465 405 636 466 numquam.
665 386 768 466 Neque
784 385 865 447 enim
879 386 930 465 qni
948 404 1047 448 rernm
1065 396 1210 465 naturam,
1287 380 1291 386 ’

132 471 183 549 qni
198 470 275 531 vit'ae
290 470 479 545 varietatem,
504 473 554 550 qni
571 471 801 533 imbecillitatem
821 471 939 549 generis
954 471 1075 533 humani
1090 475 1209 553 cogitat,

132 565 262 630 maeret,
285 574 354 617 cum
374 557 446 616 haec
460 557 586 634 cogitat,
607 557 658 618 sed
680 565 742 617 tum
759 556 803 616 vel
818 555 944 618 maxime
963 557 1125 636 sapientiae
1140 561 1210 621 lun·

131 641 213 719 gitur
228 658 366 702 munere.
396 641 561 720 Utrumque
577 641 656 703 enim
672 640 876 719 consequitur,
892 638 926 702 ut
943 651 972 702 et
987 643 1210 706 considerandis

93 737 109 785 5
130 723 223 786 rebus
246 725 382 788 humanis
404 725 527 806 proprio
549 726 753 806 philosophiae
772 727 887 786 fruatur
909 726 1006 789 officio
1030 735 1060 788 et
1081 729 1210 790 adversis

130 809 251 872 casibus
272 810 381 890 triplici
401 811 606 873 consolatione
621 821 754 885 sanetur,
778 809 906 890 primum
928 813 1008 890 qnod
1030 831 1118 892 posse
1132 814 1209 876 acci·

130 895 201 956 dere
217 895 268 956 diu
291 896 437 974 cogitavit,
466 914 542 975 quae
563 896 702 976 cogitatio
724 914 782 956 una
804 895 928 956 maxime
947 897 1095 960 molestias
1113 899 1210 961 omnis

130 987 273 1041 extenuat
294 988 324 1040 et
345 979 443 1055 diluit,
464 982 571 1043 deinde
593 981 673 1061 quod
691 981 819 1041 hnmana
838 980 967 1042 humane
985 982 1106 1044 serenda
1121 984 1209 1046 intel·

129 1064 215 1143 legit,
248 1074 398 1144 postremo
427 1069 505 1146 quod
529 1067 608 1128 videt
632 1066 742 1127 malum
771 1064 886 1127 nullum
912 1085 975 1127 esse
1001 1067 1058 1128 nisi
1081 1069 1208 1150 culpam,

78 1161 109 1212 10
131 1149 250 1228 eulpam
273 1159 371 1212 antem
395 1151 506 1214 nullam
529 1171 611 1226 esse,
635 1169 701 1213 cum
718 1149 762 1225 id,
786 1152 864 1228 quod
880 1148 917 1210 ab
940 1152 1060 1218 homine
1076 1172 1137 1214 non
1154 1173 1209 1233 po·
1382 1153 1398 1220 d

129 1235 221 1296 tuerit
235 1236 396 1314 praestari,
417 1236 557 1298 evenerit.
588 1237 662 1298 Nam
676 1235 825 1297 revocatio
841 1235 898 1308 illa,
917 1253 1005 1314 qnam
1021 1237 1123 1312 adfert,
1139 1256 1207 1300 cum
1229 1179 1379 1333 apl-ps&

129 1309 346 1381 acontuendr‘s'
357 1340 413 1384 nos
435 1322 517 1383 malis
540 1333 650 1395 avocat,
675 1319 755 1382 nulla
771 1329 825 1381 est.
862 1320 929 1380 Non
944 1330 989 1381 est
1011 1321 1137 1383 enimin
1153 1343 1209 1384 no·
1302 1305 1346 1415 ἡ

128 1413 189 1466 stra
206 1412 351 1484 potestate
367 1406 567 1468 fodicantibus
582 1407 618 1469 iis
633 1406 739 1479 rebus,
762 1423 836 1484 quas
855 1405 945 1467 malas
960 1424 1024 1466 esse
1040 1406 1207 1485 opinemur,

129 1489 323 1552 dissimulatio
333 1492 380 1552 vel
391 1491 514 1568 oblivio;
529 1492 663 1554 lacerant
676 1499 792 1564 vexant,
807 1489 942 1552 stimulos
953 1491 1118 1566 admovent,
1131 1491 1208 1570 ignis

76 1584 106 1634 15
129 1573 282 1649 adhibent,
298 1577 444 1655 respirare
456 1596 517 1638 non
530 1577 643 1639 sinunt.
666 1576 704 1637 Et
714 1586 748 1636 tu
760 1575 891 1636 oblivisci
902 1575 996 1650 iubes,
1012 1577 1091 1653 quod
1103 1587 1208 1638 contra

130 1667 267 1720 naturam
283 1668 341 1734 est,
364 1662 415 1740 qui
431 1662 511 1740 quod
527 1681 543 1722 a
559 1671 666 1724 natura
688 1661 788 1722 datum
803 1669 848 1721 est
870 1659 1010 1721 auxilinm
1032 1670 1208 1741 extorqueas

128 1743 284 1805 inveterati
295 1744 429 1807 doloris?
440 1746 493 1808 Est
504 1747 584 1808 enim
596 1746 678 1808 tarda
688 1746 736 1806 illa
749 1744 868 1823 quidem
878 1745 1033 1819 medicina,
1045 1745 1096 1807 sed
1108 1756 1206 1808 tamen

128 1847 246 1909 magna,
262 1848 351 1908 quam
366 1831 461 1893 adlert
474 1831 677 1912 longinquitas
691 1839 721 1892 et
736 1829 807 1892 dies.

128 1943 170 1996 die
183 1946 228 1996 tao
240 1941 339 2010 citae)’.
358 1946 560 2014 vgt.1.ao,74:
575 1965 644 2000 com·
732 1948 771 1999 11.
792 1948 936 2010 promturi.
970 1947 1112 1997 Praestare
1135 1948 1207 2012 nlqd.

128 2016 259 2064 mentatio
277 2017 380 2068 mortis.
693 2007 748 2065 ‘lor
770 2017 852 2065 etwas
870 2005 1012 2066 einsteben‘
1034 2013 1069 2066 iet
1094 2014 1136 2067 bei
1154 2015 1206 2068 Cic.

157 2085 301 2148 ntsempar
313 2098 486 2148 rnaereamua,
495 2082 643 2150 Bezlehung
694 2081 812 2132 ziemlich
824 2080 920 2148 hdnfig,
939 2083 1014 2134 meist
1026 2082 1136 2149 positiv:
1153 2077 1208 2135 ‘da-

129 2149 174 2201 aul
184 2150 200 2214 q
214 2151 260 2202 32:
281 2153 328 2217 qni
344 2167 447 2216 semper
465 2155 642 2217 cogitavisset,
692 2150 742 2214 hir,
761 2148 817 2201 dats
835 2154 917 2202 etwas
933 2141 1082 2216 geschicht',
1101 2166 1122 2202 a.
1134 2149 1161 2202 B.
1176 2149 1205 2202 V.

128 2218 252 2269 accidere
266 2235 344 2284 posse
362 2219 468 2284 aliquid
482 2219 598 2284 adversi,
616 2224 642 2270 et·
695 2221 735 2280 to,
748 2219 793 2282 293
812 2217 868 2270 hier
884 2218 957 2270 indes
976 2217 1094 2283 negativ:
1112 2213 1205 2280 ‘dultin

128 2285 191 2347 fieri
207 2285 279 2338 illud
294 2291 485 2353 sempiternum
502 2289 612 2340 molum.
694 2286 751 2337 dats
774 2300 802 2337 es
824 2285 896 2337 nicht
920 2277 1075 2352 geschicht’,
1102 2287 1206 2339 wlede

164 2357 186 2407 1.
213 2370 313 2420 gerum
338 2359 478 2406 naturam:
507 2354 572 2407 Laui
596 2356 641 2408 der
693 2357 757 2405 orat.
782 2352 811 2404 ll.
829 2355 870 2419 18,
897 2357 959 2407 124:
989 2369 1055 2420 qnos
1081 2357 1206 2420 (impetos

128 2419 206 2474 Welt.
475 2487 478 2493 Ι
689 2422 795 2488 populi)
817 2427 957 2487 proestare
980 2437 1057 2472 menno
1071 2428 1170 2488 posset.

161 2492 184 2541 5.
200 2487 315 2549 fruator
335 2488 443 2553 officio:
467 2487 520 2542 *die
542 2489 640 2556 algent·
725 2488 804 2552 Nam,
822 2487 847 2540 d.
862 2489 879 2542 i.
897 2506 948 2542 von
964 2489 1009 2542 der
1024 2507 1078 2542 reo.
1098 2490 1152 2541 will
1164 2490 1205 2542 ich

128 2557 196 2608 liche
213 2557 332 2623 Aulgabe
350 2557 396 2610 der
408 2557 574 2624 Philosopbie
592 2560 639 2610 mit
690 2572 736 2623 gar
753 2557 823 2609 nicht
835 2558 921 2620 reden,
940 2573 960 2610 s.
973 2573 1005 2609 zu
1019 2560 1060 2623 30,
1074 2559 1118 2610 te:
1136 2556 1206 2610 Nom

126 2623 309 2706 Betriedignpg
330 2617 434 2706 erlullt'.
470 2626 519 2678 Der
535 2625 638 2709 ‘llaupt-
690 2625 764 2691 qnod
779 2627 865 2677 aiant.
1032 2695 1038 2706 Ι
1204 2674 1207 2678 ,

126 2698 270 2812 letti?
281 2694 514 2826 ’111ὲὲ1Ψὶῑὲἕέ
516 2696 641 2816 ’111ῗῖἒί
723 2691 1144 2824 biitlbsslbibssllliit,
1158 2762 1203 2813 aa.

127 2827 263 2894 trachtnng
274 2823 362 2880 selbst'
376 2858 409 2868 -
420 2829 499 2881 durch
511 2829 641 2882 Wachsen
692 2827 789 2890 fodiat.

127 2896 173 2948 der
185 2895 311 2960 liinsieht)
329 2897 382 2949 und
399 2899 519 2948 aduersis
536 2901 642 2949 casibus
730 2898 769 2947 14.
788 2896 860 2960 igm's
878 2895 1012 2958 adhibent,
1030 2909 1051 2948 s.
1069 2892 1098 2945 ll.
1117 2896 1158 2958 25,
1172 2897 1204 2948 61

128 2956 183 3029 (im
197 2956 325 3030 Unglbck’
336 2993 370 3004 —-
384 2964 463 3018 durch
476 2965 525 3018 den
544 2966 643 3032 erlang-
693 2980 725 3016 zu
743 2961 817 3024 sacas
835 2962 1069 3027 dolor-ielstechen
1090 2961 1138 3014 wle
1156 2961 1207 3014 Na·

130 3038 171 3084 ten
184 3030 281 3096 Trost).
694 3031 762 3097 deln,
780 3032 895 3082 brennen
913 3031 964 3082 wie
981 3028 1100 3094 Kohlen).

159 3103 182 3151 7.
201 3103 392 3163 conmunione,
406 3101 457 3166 vgl.
468 3116 498 3153 nu
508 3099 536 3152 ll.
550 3103 590 3166 18,
600 3103 641 3154 43.
731 3102 772 3152 15.
790 3099 827 3149 nt
845 3103 875 3148 tu
894 3097 944 3150 obl.
963 3101 1046 3160 iubes,
1065 3114 1085 3150 s.
1098 3114 1121 3150 z.
1133 3098 1151 3152 l.
1163 3101 1205 3165 38,

132 3170 184 3234 ,8.
216 3170 334 3219 bumana
371 3170 486 3219 humone
517 3167 639 3229 serenda.
692 3166 1206 3233 92:mutabilemactorqueaabez.sieh

119 3235 196 3287 ¹Uber
218 3238 334 3286 hamane
354 3234 429 3296 ferre
447 3252 467 3288 s.
485 3235 513 3287 ll.
533 3238 573 3301 27,
593 3239 638 3296 65;
691 3234 769 3301 auf§
790 3237 831 3286 32.

127 3319 158 3355 zu
171 3306 290 3354 bumana
300 3305 415 3355 humane
426 3302 500 3364 ferre
510 3304 561 3369 vgl.
573 3303 639 3356 Plnt.
728 3305 767 3356 16.
787 3303 824 3354 Ζιι
842 3304 980 3354 ancilium
997 3305 1077 3354 iacet.
1102 3302 1204 3353 doloris

129 3371 231 3424 Consol.
248 3372 280 3422 ad
292 3373 378 3437 Apoll.
392 3388 416 3438 p.
432 3373 494 3425 118:
512 3369 549 3424 τὰ
561 3367 637 3424 noant*
690 3370 744 3437 rgl.
762 3369 779 3422 l.
794 3373 834 3434 15,
848 3373 894 3424 34ι
913 3371 1058 3421 mercedem
1073 3370 1188 3435 gloriae.

128 3440 175 3491 τοῦ
189 3443 252 3506 βίον
269 3437 465 3506 συμπτώματα
481 3439 577 3491 κοινῶς
595 3443 640 3508 φέ-
727 3441 767 3491 ll.
779 3439 829 3490 Eat
840 3442 911 3488 enim
924 3442 972 3490 cet.
983 3437 1208 3502 beziehtslchanl

129 3525 186 3577 ριιιι
197 3511 243 3558 καὶ
255 3505 288 3560 τὰ
301 3502 475 3574 ἀνθρώπινα
491 3503 639 3576 ἅνθρωπί-
692 3507 827 3558 ancilium
844 3523 861 3557 a
879 3510 982 3556 natura
1000 3506 1102 3556 datum.
1138 3503 1206 3556 Uber

127 3591 188 3627 nme.
224 3573 344 3628 Menand.
364 3593 389 3643 p.
408 3577 458 3628 269
474 3573 565 3628 hleim:
583 3570 641 3627 Ἀν-
691 3575 740 3626 illa
755 3575 862 3640 qnidam
874 3573 926 3638 vgl.
940 3590 961 3626 z.
973 3572 991 3626 1.
1005 3575 1029 3638 3,
1042 3575 1072 3623 o:
1091 3574 1125 3622 ab
1138 3575 1206 3637 opti-

128 3642 282 3713 θρωπίνωσ
303 3641 352 3711 κρί-
373 3639 423 3694 ads
440 3636 522 3707 τύχας
539 3645 640 3712 φέρειν,
692 3646 745 3692 mie
762 3642 817 3692 illie
835 3641 949 3708 quidem.

128 3708 194 3775 ξένε,
216 3709 254 3792 Τᾲ
272 3708 353 3762 κοινὰ
372 3711 471 3762 κοινῶς
488 3707 531 3761 δεῖ
547 3713 641 3778 φέρειν
729 3712 767 3763 18.
786 3710 970 3790 longinquitas
987 3712 1013 3758 el
1029 3707 1086 3788 dies
1102 3731 1137 3752 =
1149 3706 1206 3757 lon-

128 3793 402 3913 wilbillitm.
441 3845 564 3898 senno.
578 3837 641 3926 ns,
688 3783 831 3910 etth*
844 3775 1083 3909 lattebah?
1096 3779 1206 3908 sil}

128 3898 194 3967 Unel
211 3914 324 3980 grdlstes
341 3915 401 3966 aber
419 3914 455 3967 ist
472 3913 513 3967 die
526 3911 638 3965 Schnld.
689 3910 731 3964 lV.
754 3915 792 3978 l'l,
804 3914 846 3964 39.
