2800 4476
490 235 584 288 LIBER
601 236 631 291 V.
653 241 692 303 l'l,
702 241 742 291 49.
753 241 794 292 50.
1130 238 1189 298 129

115 413 276 484 constans,
293 407 356 468 sine
371 415 469 481 metu,
486 408 550 470 sine
565 409 763 488 aegritudine,
787 410 851 472 sine
866 409 1014 472 alacritate
1029 411 1103 486 ulla,
1126 412 1190 474 siue

113 491 239 554 libidine
266 511 367 553 nonne
389 491 514 556 beatus?
536 494 573 554 At
593 513 711 574 semper
735 495 852 574 sapiens
867 495 947 572 talis;
969 515 1087 576 semper
1101 497 1191 576 igitur

111 577 229 638 beatus.
254 578 314 639 Iam
330 596 399 638 vero
416 578 467 657 qui
483 587 581 657 potest
596 580 639 640 vir
654 579 752 642 bonus
768 599 829 641 non
845 581 881 641 ad
895 579 934 656 id,
951 581 1029 660 quod
1045 581 1189 643 laudabile

111 664 157 737 sit,
176 664 280 725 omnia
292 664 415 737 relerre,
432 682 507 742 quae
523 665 581 744 agit
599 683 733 744 quaeque
749 662 858 727 sentit?
872 667 964 728 refert
978 673 1074 728 autem
1092 667 1189 728 omnia

76 763 89 812 5
110 749 145 809 ad
172 748 262 810 beate
282 748 453 823 vivendum3
474 748 560 810 beata
583 749 672 828 igitur
694 750 750 810 vita
768 750 937 825 laudabilis3
960 752 1189 831 necquicquam

110 833 175 894 sine
191 833 303 895 virtute
320 833 479 910 laudabile;
496 833 580 896 beata
596 835 686 914 igitur
701 835 757 896 vita
772 836 876 898 virtute
892 837 1058 898 conficitur.

198 919 298 998 Atque
319 919 376 981 hoc
399 920 441 980 sic
458 920 545 980 etiam
561 920 765 984 concluditur:
786 921 847 982 Nec
863 921 892 982 iu
909 922 1015 983 misera
1030 922 1087 984 vita
1103 923 1187 1001 quic·
1208 904 1241 958 ¹⁷

112 1021 202 1082 quam
220 1013 267 1066 est
281 1003 478 1084 praedicabile
497 1012 547 1066 aut
570 1005 755 1084 gloriandum
780 1006 881 1066 necin
902 1025 950 1081 ea,
971 1026 1045 1085 quae
1062 1026 1118 1068 nec
1133 1008 1188 1068 mi·
1211 984 1240 1034 ⁴⁹

111 1108 177 1150 sera
200 1089 240 1150 sit
262 1109 318 1150 nec
338 1089 433 1150 beata.
467 1089 504 1151 Et
526 1098 570 1152 est
594 1090 624 1151 iu
640 1091 737 1170 aliqua
752 1091 810 1150 vita
823 1090 1020 1169 praedicabile
1037 1092 1146 1172 aliquid
1161 1101 1190 1154 et

66 1184 91 1234 10
112 1173 303 1252 gloriandum
320 1193 353 1235 ac
368 1193 439 1255 prae
455 1193 486 1236 se
502 1176 666 1249 serendum,
683 1185 716 1237 ut
731 1175 966 1255 Epaminondas:
1106 1180 1113 1194 '

278 1258 413 1321 Consiliis
425 1265 534 1322 nostris
550 1261 613 1322 laus
628 1272 667 1322 est
682 1271 796 1322 attenso
808 1257 961 1334 laconum,

109 1351 142 1404 ut
157 1345 333 1406 Africanus:
1262 1361 1309 1443 fi

197 1429 222 1490 A
238 1429 298 1490 sole
313 1433 460 1491 emoriente
474 1429 699 1509 suprnMaeote's
710 1429 831 1510 paludes

266 1514 356 1576 Nemo
371 1523 411 1574 est
426 1517 476 1594 qui
490 1516 575 1594 factis
591 1519 774 1595 aequiperare
789 1523 880 1596 quent.

63 1606 88 1656 15
110 1597 196 1668 Quod
220 1599 246 1660 si
270 1609 330 1674 est,
353 1599 438 1660 beata
460 1599 516 1659 vita
543 1600 696 1680 glorianda
711 1608 741 1660 et
754 1599 951 1681 praedicanda
967 1606 996 1659 et
1011 1616 1081 1678 prae
1097 1617 1128 1660 se
1143 1599 1186 1659 le·
1209 1611 1238 1660 50

109 1683 204 1744 reuda
227 1691 289 1761 est;
312 1685 385 1745 nihil
408 1691 451 1746 est
473 1685 553 1746 enim
576 1684 654 1746 aliud
679 1686 758 1764 quod
779 1682 1009 1764 praedicandum
1025 1692 1054 1744 et
1068 1703 1140 1764 prae
1155 1704 1187 1746 se

110 1769 270 1830 ferendum
296 1769 342 1830 sit.
388 1769 502 1841 Quibus
519 1770 621 1850 positis
644 1770 790 1850 intellegis
812 1770 881 1849 quid
897 1777 1038 1847 sequatur
1045 1787 1053 1843 3
1076 1777 1106 1830 et
1121 1771 1187 1848 qui-

110 1852 187 1929 dem,
205 1855 266 1916 nisi
281 1873 315 1916 ea
330 1855 387 1916 vita
403 1853 485 1915 beata
502 1863 556 1927 est,
571 1874 646 1934 quae
662 1863 707 1917 est
722 1857 823 1916 eadem
838 1856 971 1927 honesta,
988 1855 1026 1916 sit
1040 1855 1118 1915 aliud
1135 1875 1188 1916 ne·

110 1955 191 2000 cesse
208 1948 257 2002 est
272 1940 376 2001 melius
390 1941 448 2000 vita
462 1939 563 2016 beata3
588 1940 667 2019 quod
683 1941 739 2002 erit
753 1941 832 2002 enim
848 1941 1023 2013 honestum,
1048 1947 1129 2001 certe
1144 1941 1158 2000 1
1175 1975 1188 1985 -

63 2031 89 2083 1ο
110 2023 258 2086 tebuntur
270 2043 334 2086 esse
350 2025 463 2086 melius.
487 2025 529 2086 lta
546 2025 601 2086 erit
616 2025 699 2086 beata
713 2026 770 2085 vita
785 2025 890 2086 melius
905 2024 1025 2104 aliquid,
1042 2044 1100 2104 quo
1117 2026 1187 2104 quid

109 2119 208 2186 potest
231 2109 290 2171 dici
311 2109 501 2190 perversius?
523 2108 621 2182 Quid?
644 2129 713 2182 cum
734 2111 865 2172 latentur
885 2110 955 2172 satis
973 2127 1108 2189 magnam
1129 2110 1187 2171 vim

111 2212 174 2256 esse
186 2196 218 2255 in
232 2196 309 2257 vitiis
322 2197 358 2257 ad
376 2195 516 2257 miseram
534 2196 631 2269 vitam,
649 2215 750 2257 noune
765 2195 916 2256 latendum
932 2203 977 2256 est
991 2196 1115 2257 eandem
1131 2196 1188 2256 vim

110 2277 140 2339 in
163 2281 273 2342 virtute
296 2300 361 2344 esse
381 2281 417 2342 ad
439 2281 553 2342 beatam
568 2279 678 2342 uitam?
702 2281 926 2343 Contrariorum
944 2280 1023 2342 enim
1039 2281 1188 2342 contraria

146 2418 170 2466 1.
190 2416 334 2466 alacritate
346 2415 400 2467 hier
419 2417 444 2467 in
463 2416 556 2468 malam
569 2431 626 2482 par·
677 2415 793 2481 Σπάρτη
811 2417 862 2482 μὲν
879 2416 1001 2482 ἐκείρατο
1011 2409 1121 2481 βάζω).

111 2484 164 2533 tem
186 2485 230 2548 (=
254 2478 368 2547 ἡδονή
394 2483 436 2535 bei
463 2485 513 2536 deu
538 2484 626 2537 Stoi·
712 2487 751 2538 12.
771 2484 927 2547 Africanus,
946 2483 991 2535 der
1005 2483 1100 2536 Altere.
1136 2482 1186 2534 Das

111 2547 217 2617 kern),
234 2551 319 2603 wollir
330 2551 365 2601 im
383 2554 408 2602 4.
421 2551 507 2603 Bnohe
521 2553 625 2603 laetitia
676 2551 810 2604 Distichon
833 2553 867 2603 ist
889 2566 940 2603 vou
962 2550 1059 2602 Ennius
1082 2551 1134 2602 und
1159 2565 1186 2602 es

108 2621 241 2680 gestiens,
264 2648 296 2656 —-
316 2621 461 2683 consultans,
479 2647 514 2657 -
530 2622 625 2686 nimia,
677 2619 784 2684 gehbrte
808 2619 873 2670 dazu
900 2617 1113 2670 wahrscbeinlich
1141 2617 1186 2669 das

111 2687 178 2737 auch
204 2687 309 2737 laetitia
332 2687 422 2746 allein‚
449 2685 511 2738 oder
534 2689 626 2737 inanis
677 2701 727 2736 von
747 2685 844 2737 Seneca
862 2686 946 2751 (epist.
964 2684 1049 2738 xvlll.
1069 2687 1093 2751 5)
1113 2685 1187 2736 uber-

110 2780 159 2814 -‚
178 2755 296 2804 insolens
315 2783 360 2820 -,
377 2754 478 2815 futtilis
495 2754 625 2805 adamatos
676 2752 789 2804 lieierte:
815 2753 846 2804 Si
867 2750 912 2812 fas
929 2753 996 2802 endo
1013 2755 1111 2818 plagae
1129 2768 1186 2803 cae-

110 2821 254 2884 gebraucht
272 2837 366 2874 waren.
678 2821 772 2871 lectum
784 2821 924 2870 ascendere
939 2823 1064 2885 cuiquam
1082 2825 1128 2882 est,
1146 2821 1187 2870 Mi

146 2891 170 2940 3.
189 2891 248 2940 Iam
265 2906 328 2940 cero
347 2894 395 2942 cet.
431 2887 505 2940 Sinn:
526 2887 563 2939 Da
580 2888 625 2940 der
676 2889 728 2938 soli
745 2889 813 2939 caeli
828 2890 949 2938 manime
965 2893 1046 2953 porta
1060 2892 1145 2954 patet.

110 2953 201 3008 Weise
230 2957 311 3009 selbst
339 2972 381 3009 um
408 2957 492 3008 seiner
516 2955 625 3022 'legend
712 2959 752 3010 13.
769 2972 853 3022 supra
870 2956 996 3020 (jenseits)
1012 2985 1047 2995 -
1065 2957 1186 3022 paludes,

109 3023 202 3076 willen
220 3030 284 3076 stets
299 3024 443 3090 gldckselig
454 3025 497 3088 ist,
515 3027 624 3077 somuls
676 3024 722 3076 aul
744 3023 785 3077 die
803 3019 982 3090 Frage‘wot'
1002 3023 1095 3076 Zusatz
1118 3039 1151 3074 zu
1169 3041 1185 3074 a

110 3107 138 3142 es
163 3093 230 3143 anch
253 3093 307 3143 sein
326 3093 411 3145 Lebeu
435 3093 489 3144 sein
512 3093 564 3144 und
582 3093 623 3146 die
674 3094 730 3144 sole
748 3096 892 3144 emoriente.
919 3091 1030 3143 Maeotis
1044 3091 1185 3143 isuMaeo-

111 3157 317 3226 Gllickseligkeit
329 3161 464 3213 desselben
478 3160 623 3228 alsoledig-
676 3163 753 3222 tidie
776 3161 827 3227 vgl.
846 3161 877 3212 de
894 3160 944 3226 leg.
963 3175 1015 3225 agr.
1033 3160 1061 3212 ll.
1081 3163 1120 3223 19,
1140 3163 1185 3213 52:

111 3227 162 3278 lich
181 3242 233 3280 von
252 3229 297 3280 der
315 3229 422 3295 Tugend
439 3229 583 3296 ablingen.
675 3229 790 3290 Maeote;
809 3229 854 3281 das
871 3246 884 3279 s
902 3231 952 3281 wie
969 3229 987 3281 l.
1006 3233 1030 3294 5,
1048 3231 1079 3281 10
1097 3228 1124 3280 iu
1143 3229 1185 3280 Si·

146 3298 171 3348 9.
190 3297 227 3348 Et
243 3323 277 3342 =
294 3301 380 3364 atqui,
398 3312 419 3350 s.
437 3313 469 3348 zu
486 3297 524 3350 Ill.
537 3302 562 3363 1,
577 3301 622 3352 15:
674 3300 782 3365 eppleno.

112 3368 137 3412 et
153 3368 293 3432 sapientis,
711 3369 751 3419 14.
769 3369 945 3432 aequiperare
962 3365 1013 3428 (ein
1031 3379 1083 3414 von
1096 3363 1184 3415 Cicero

147 3439 186 3484 eet
206 3463 239 3472 -
255 3435 431 3499 glomandum
455 3432 515 3498 (und
539 3432 555 3497 ξ
578 3436 622 3485 50:
675 3430 1116 3500 selbstniehtgebrauchtesWort)‚
1129 3431 1185 3482 scil.

113 3500 191 3564 beata
208 3505 265 3554 otta
277 3502 425 3568 glossando
437 3504 495 3567 θεῆς
515 3517 535 3554 s.
547 3500 585 3552 ΠΙ.
600 3505 623 3566 l,
674 3517 723 3552 me.

116 3569 146 3618 15
165 3585 197 3620 zu
216 3572 252 3622 ad
267 3587 364 3623 launna
381 3569 557 3636 fungendum.
711 3574 750 3622 17.
769 3569 918 3635 etquidem
941 3565 1092 3618 bezeichnet
1113 3565 1185 3616 nicht

147 3638 177 3686 in
195 3640 289 3705 aliqua
307 3643 363 3691 otta
379 3636 414 3690 ‘iu
432 3638 565 3690 manchem
577 3636 623 3689 Le·
675 3638 757 3690 selten
775 3663 808 3683 =
826 3641 905 3703 atque
927 3635 975 3687 den
993 3621 1131 3699 llbergang
1152 3649 1183 3685 zu

112 3696 183 3756 ben'·
675 3707 757 3758 einem
788 3706 877 3756 weiter
908 3701 1095 3754 austuhrenden
1124 3701 1184 3754 oder

148 3775 187 3825 11.
208 3774 332 3826 Camillis
346 3779 395 3826 cet.
430 3773 501 3828 Nach
514 3772 622 3826 Pausan.
674 3774 850 3826 erlduternden
868 3770 989 3833 Momeut,
1008 3770 1058 3822 wie
1077 3785 1098 3822 z.
1117 3768 1147 3822 B.
1166 3768 1183 3822 l.

112 3836 153 3890 IX.
174 3845 214 3906 15,
233 3846 250 3894 4
265 3842 320 3907 (der
337 3843 382 3894 das
394 3843 540 3910 Epigramm
558 3843 623 3894 voll-
675 3843 775 3904 34‚ea;
792 3840 831 3892 111.
850 3841 890 3904 21,
903 3843 950 3900 50;
971 3837 999 3892 V.
1019 3841 1061 3902 32,
1073 3840 1105 3890 92
1123 3854 1148 3889 u.
1160 3852 1184 3891 a.

113 3908 215 3975 stindig
233 3910 317 3976 giebt:
340 3905 494 3978 Ἡμετέραις
514 3907 623 3978 βουλαῖς
709 3912 749 3963 23.
763 3911 970 3961 contrariorum.
992 3906 1053 3958 Dals
1067 3903 1184 3957 ausEnt-

165 4009 243 4053 Cicero
258 4010 350 4053 Tuscul.
365 4009 393 4053 ll.
417 4012 437 4053 8.
451 4011 506 4054 dud.
963 3995 978 4044 9
