2804 4474
208 206 250 265 84
589 204 683 258 LIBER
699 204 741 259 lV.
759 207 903 271 23,51.52.

209 377 350 442 tortitudo
366 378 488 440 minime
508 377 547 440 sit
560 377 676 440 rabiosa
696 379 793 458 sitque
814 377 967 439 iracundia
985 385 1046 439 tota
1061 377 1195 440 levitatis.
1226 379 1285 441 Ne·

209 483 267 546 que
281 464 360 526 enim
378 473 422 526 ast
436 463 494 524 ulla
507 463 658 538 lortitudo‚
675 482 750 542 quae
765 464 888 524 rationis
904 471 948 524 est
963 481 1078 543 expers.

293 549 534 611 contemnendae
549 566 597 608 res
611 549 758 610 humanae
773 557 852 623 sunt,
872 548 1055 627 neglegenda
1065 567 1147 610 mors
1162 557 1216 623 est,
1232 567 1286 628 pa-

156 610 185 662 51
208 634 305 697 tibiles
327 644 356 696 et
371 635 488 696 dolores
504 641 533 693 et
552 631 668 695 labores
688 635 821 714 putandi.
853 633 930 695 llaec
945 652 1014 694 cum
1034 633 1196 695 constituta
1215 643 1287 695 sunt

208 721 316 782 iudicio
332 728 420 800 atquc
435 715 598 792 sententia}
622 728 685 779 tum
701 728 747 781 est
760 719 881 780 robusta
896 719 944 779 illa
961 728 991 779 et
1005 719 1117 780 stabilis
1131 718 1286 790 fortitudo,
1303 731 1317 779 5
1387 789 1388 800 ¹

209 806 266 868 nisi
282 806 368 876 forte,
385 823 460 883 qnae
471 804 670 878 vehementer,
687 805 803 878 acriter,
820 804 951 865 animose
962 805 1049 877 fiunt,
1066 803 1208 865 iracunde
1223 805 1289 865 lieri
1387 803 1388 880 l

210 891 405 970 suspicamur.
441 889 511 950 Mihi
528 907 567 950 ne
583 888 682 969 Scipio
699 890 817 969 quidem
833 889 890 964 ille,
906 889 1041 969 pontifex
1055 907 1220 965 maxumus,
1237 891 1289 968 qui
1387 889 1388 984 l

209 976 266 1036 hoc
281 975 450 1036 Stoicorum
471 993 573 1035 verum
589 993 653 1036 esse
675 974 846 1048 declaravit,
870 992 1032 1054 numquam
1052 974 1201 1054 privatum
1223 993 1289 1036 esse
1387 991 1388 1018 t

209 1061 389 1140 sapientem,
411 1058 504 1122 iratus
525 1059 639 1120 videtur
660 1059 750 1122 luisse
771 1059 815 1120 Ti.
832 1059 963 1121 Graccho
984 1068 1063 1134 tum,
1085 1077 1153 1120 cum
1177 1078 1288 1120 consu·
1387 1043 1388 1090 t

209 1146 267 1208 lem
282 1146 474 1225 languentem
495 1144 614 1223 reliquit
628 1154 717 1224 atque
732 1144 796 1225 ipse
811 1144 959 1225 privatus,
981 1154 1022 1206 ut·
1035 1145 1060 1206 si
1081 1145 1188 1206 consul
1203 1157 1290 1218 esset,
1313 1155 1341 1205 10
1387 1147 1388 1228 J

158 1231 342 1310 acquiram
365 1230 516 1311 publicam
537 1230 644 1292 salvam
664 1249 727 1292 esse
749 1230 871 1303 vellent,
893 1249 924 1292 se
946 1230 1030 1310 sequi
1050 1231 1144 1292 iussit.
1181 1231 1287 1292 Nescio

209 1316 314 1396 ecquid
329 1315 386 1396 ipsi
402 1335 458 1377 nos
473 1315 590 1376 fortiter
605 1316 635 1376 in
651 1334 684 1376 re
700 1316 818 1396 publica
833 1315 1009 1390 fecerimus;
1026 1315 1050 1377 si
1067 1315 1137 1394 quid
1152 1315 1287 1388 fecimus,
1387 1365 1388 1388 ,

208 1409 288 1462 certe
310 1401 377 1462 irati
400 1419 461 1462 non
490 1401 624 1462 lecimus.
668 1402 714 1461 dn
743 1409 788 1464 est
809 1401 967 1480 quicquam
997 1401 1121 1462 similius
1151 1401 1286 1462 insaniae

208 1504 296 1566 quam
319 1483 385 1546 ira‘l
417 1503 503 1564 quam
527 1485 604 1547 bene
626 1485 744 1548 Ennius
766 1490 885 1548 inita'um
907 1486 979 1546 dixit
1001 1488 1142 1548 insaniae.
1188 1485 1287 1558 Color,
1387 1517 1388 1562 3

207 1589 272 1646 vox,
290 1570 377 1645 oculi,
397 1569 537 1650 spiritus,
554 1571 729 1652 impotentia
743 1572 888 1633 dictorum
904 1589 939 1632 ac
954 1572 1099 1632 factorum
1114 1589 1203 1651 quam
1219 1589 1288 1651 par·
1312 1581 1339 1632 15

207 1665 267 1717 tem
290 1656 401 1717 habent
428 1654 583 1717 sanitatis?
628 1656 705 1728 Quid
735 1656 847 1717 Achille
874 1656 1033 1718 llomerico
1062 1657 1194 1731 foedius,
1219 1656 1288 1735 quid
1387 1655 1388 1714 i

208 1743 430 1822 Agamemnone
451 1741 482 1802 in
505 1739 625 1820 iurgio?
661 1755 729 1802 narn
750 1742 868 1802 aiacem
891 1741 1011 1819 quidem
1033 1741 1075 1802 ira
1097 1741 1134 1802 ad
1155 1741 1288 1804 furorem
1387 1757 1388 1798 t

207 1836 393 1906 mortemque
410 1826 556 1906 perduxit.
593 1827 659 1887 Non
677 1827 767 1905 igitur
788 1826 933 1887 desiderat
954 1826 1096 1888 fortitudo
1116 1827 1289 1888 advocatam

207 1912 406 1987 iracundiam
431 1912 499 1974 satis
521 1920 566 1974 est
581 1912 742 1988 instructa,
765 1919 881 1991 parata,
903 1919 1014 1974 armata
1030 1929 1083 1991 per
1103 1929 1177 1973 sese.
1215 1912 1290 1973 Nam

208 1997 264 2059 isto
288 1996 407 2077 quidem
428 1997 517 2058 modo
538 1997 608 2059 licei
630 1997 728 2059 dicere
751 1997 851 2059 utilem
872 1996 1066 2058 vinulentiam
1085 1996 1120 2056 ad
1135 1997 1289 2058 fortitudi·
1314 2007 1340 2057 m

207 2167 294 2230 aitqua
311 2163 363 2228 vgl.
381 2162 400 2214 l.
419 2165 460 2226 29,
471 2167 516 2216 71:
541 2164 722 2230 addideritque.
774 2163 873 2216 lllucius
901 2161 1022 2228 Scirem,
1050 2163 1162 2216 welcher
1190 2163 1292 2217 Gewalt
1387 2179 1388 2202 t

244 2235 267 2286 1.
286 2232 402 2282 levitatis
418 2225 723 2298 ‘Charalateraahwdche’,
774 2247 856 2298 gagen
881 2230 1009 2284 Gracchus
1033 2231 1210 2285 anauwendan
1236 2233 1292 2284 sich

209 2299 259 2351 wie
277 2301 319 2364 31,
337 2301 370 2351 66
390 2297 483 2349 levitas
500 2298 551 2351 und
571 2301 643 2352 levir.
774 2301 904 2366 oetgeate.

242 2368 266 2418 3.
293 2366 426 2432 patibiles.
461 2364 553 2418 Auioer
571 2367 626 2418 hier
644 2367 724 2420 findet
762 2397 770 2412 ·
810 2371 850 2422 11.
870 2369 917 2434 qui
932 2367 1078 2419 -vellcat
1114 2366 1160 2420 Bai
1179 2368 1292 2420 Autruhr
1387 2413 1388 2426 ,

207 2435 263 2487 sich
275 2433 330 2486 dies
343 2432 417 2486 Wort
434 2434 476 2486 bei
494 2433 581 2488 Cicero
594 2451 641 2488 nm
658 2437 725 2489 noch
774 2437 801 2488 in
819 2435 863 2488 der
882 2435 957 2488 Stadt
979 2450 1033 2486 war
1055 2435 1096 2487 die
1114 2435 1292 2489 ieststehende

208 2502 240 2555 de
253 2502 322 2555 deor.
341 2518 365 2556 n.
383 2502 420 2557 lll.
440 2505 479 2567 12,
492 2505 533 2569 29,
551 2504 608 2555 dont
620 2505 646 2556 in
659 2504 724 2556 11111-
775 2502 883 2568 Formel,
902 2503 979 2555 deren
997 2503 1052 2555 sicli
1069 2503 1112 2556 der
1130 2503 1230 2556 llonsul
1249 2505 1293 2556 be·

208 2586 266 2624 vem
285 2569 372 2624 Sinna.
772 2573 872 2624 diente:
891 2571 944 2636 Qui
960 2587 1017 2622 ram
1028 2573 1103 2637 padi.
1121 2574 1224 2623 salvam
1237 2589 1293 2623 ease
1387 2617 1388 2636 ÷

242 2644 266 2693 5.
285 2644 324 2691 eat
341 2633 385 2692 ‘ist
402 2633 568 2692 vorhanden’.
772 2641 879 2702 volunt,
904 2656 946 2690 me
969 2643 1123 2706 aequantur.
1150 2639 1209 2706 Vgl.
1223 2638 1292 2692 Plut.

241 2711 265 2761 6.
289 2710 455 2759 venementer
479 2707 535 2758 ‘mit
561 2706 721 2772 Neandruek,
773 2707 812 2760 m.
825 2706 866 2760 Gr.
881 2710 924 2768 19;
943 2706 1000 2760 Val.
1018 2706 1085 2772 Max,
1102 2707 1140 2760 lll.
1160 2711 1240 2773 9,17.
1387 2700 1388 2754 l

207 2769 312 2840 kriltig’
335 2777 362 2827 in
387 2776 479 2828 bonam
498 2780 609 2843 partem;
633 2791 662 2829 so
680 2776 722 2828 hei
810 2779 850 2829 15.
868 2791 948 2841 quam
964 2781 1069 2842 pariana
1089 2778 1132 2839 (ε
1149 2777 1228 2841 quid)
1246 2778 1294 2826 da·
1387 2795 1388 2844 j

208 2844 297 2896 Cicero
309 2844 380 2896 nicht
393 2845 475 2896 uelten
486 2844 569 2895 naban
581 2845 722 2908 admirari,
774 2846 835 2895 beat
854 2847 995 2909 sanitatis,
1017 2844 1127 2896 nlimliclr
1147 2844 1190 2896 bei
1208 2843 1292 2897 einem
1387 2847 1388 2888 ἐ

209 2912 347 2976 adsentiri,
364 2914 491 2977 probare,
509 2912 646 2976 delectari,
666 2917 722 2963 rtu-
774 2911 908 2978 Zernigen.

209 2981 279 3045 dara,
296 2995 324 3030 aa
341 2995 464 3030 aaarcera
481 2995 507 3032 n.
520 2995 543 3031 a.
557 2979 657 3032 Verbis.
810 2984 850 3033 17.
862 2983 893 3030 in
904 2982 1010 3045 iurgio:
1024 2978 1293 3048 Hom.ll.l.122sqq.
1387 2991 1388 2994 ’

244 3051 268 3099 ’1.
281 3046 372 3112 Scipio
381 3047 441 3099 ille:
455 3047 483 3099 Ρ.
493 3047 626 3100 Cornelius
636 3047 723 3115 Scipio
808 3063 872 3100 nam
888 3051 998 3105 Aiacem
1017 3049 1136 3114 quidem:
1155 3047 1214 3100 Van
1226 3048 1293 3113 Ajax
1377 3047 1388 3118 ‚f

210 3112 325 3181 Serapio,
344 3113 413 3166 Sohn
434 3113 478 3167 dea
495 3114 582 3182 Scipio
594 3115 687 3169 Nasica
697 3115 724 3181 (l.
776 3115 831 3167 will
843 3115 885 3168 ich
904 3130 949 3182 gar
966 3115 1038 3167 nieht
1049 3119 1102 3168 eret
1118 3115 1207 3180 radon,
1225 3115 1293 3168 denn
1387 3117 1388 3168 l

210 3180 471 3248 9‚19)‚K0nsu1138,
487 3186 622 3237 anteactae
636 3185 724 3237 arinen
776 3183 864 3237 diesen
874 3200 899 3236 u.
909 3199 930 3239 s.
940 3198 974 3235 w.
989 3183 1048 3249 Vgl.
1059 3199 1082 3238 z.
1095 3183 1132 3237 lll.
1147 3187 1188 3249 39,
1199 3187 1232 3237 ’13
1241 3183 1294 3235 und

212 3249 299 3302 Vettar
315 3248 372 3301 Tib.
386 3248 551 3317 Sempronius
570 3250 707 3306 Gracchus.
775 3257 854 3305 nnten
865 3254 906 3317 33,
919 3256 965 3304 71:
976 3253 1227 3303 namAnaareoatia
1236 3255 1295 3318 qui·

244 3321 268 3372 8.
287 3320 337 3369 doc
354 3316 505 3369 Sioiaomm
528 3313 609 3383 ‘jener
627 3320 726 3373 Grund-
776 3321 835 3371 dem
848 3325 904 3372 tota
914 3322 1002 3388 poi'ria
1018 3325 1058 3370 eat
1069 3323 1213 3373 amatoria.
1230 3320 1293 3372 Zum
1387 3355 1388 3388 ,

210 3391 265 3440 sata
288 3386 333 3438 der
357 3380 471 3438 Stoiker’
492 3387 554 3451 (vgl.
576 3387 594 3438 l.
613 3391 655 3452 12,
673 3392 724 3449 991.
776 3389 858 3440 lnhalt
871 3388 921 3455 νεὶ
939 3387 1012 3440 llom.
1026 3386 1124 3440 Od.lll.
1137 3391 1292 3443 543-560.
1387 3409 1388 3450 t

210 3455 285 3508 Diese
315 3453 397 3506 bahan
417 3459 487 3507 teten
516 3454 640 3520 ndmlich,
670 3455 725 3508 deis
812 3459 851 3510 18.
870 3457 1046 3508 desiderat-
1060 3457 1220 3508 advocatam
1238 3459 1293 3508 ira·

210 3523 255 3576 der
273 3521 360 3575 Weise
378 3469 455 3576 aliein
471 3522 564 3589 lionis,
582 3522 725 3586 llerrsaber,
777 3525 911 3576 madiam.
936 3524 971 3576 So
985 3523 1069 3587 V.38,
1084 3528 1145 3577 111:
1159 3525 1294 3590 Sapientia
1387 3565 1388 3592 ,

211 3589 344 3656 Obriglteit
367 3605 392 3643 u.
416 3606 437 3645 ε.
462 3605 495 3644 W.
519 3591 564 3644 aei.
607 3590 680 3658 Diog.
698 3591 724 3644 L.
777 3595 906 3658 cogitatio
918 3608 973 3642 nora
984 3591 1069 3654 ferma
1081 3593 1119 3643 ad
1129 3595 1293 3659 investigae·
1387 3623 1388 3650 2

211 3658 261 3710 Vll.
279 3661 337 3711 tat.
777 3661 840 3712 dam
858 3661 968 3712 addidet
984 3660 1078 3712 caraios
1095 3661 1249 3714 advocatae.
1387 3699 1388 3718 t

186 3759 189 3764 -
245 3726 407 3793 declaravit,
425 3728 535 3781 nimlich
556 3727 636 3780 durch
655 3727 725 3783 seiae
811 3731 852 3783 20.
864 3732 917 3781 iata
929 3730 1035 3794 quidam
1043 3729 1131 3794 moda,
1142 3727 1168 3780 d.
1179 3729 1204 3782 ln.
1218 3745 1293 3781 venn
1387 3735 1388 3790 ζ

211 3791 287 3847 Thai.
776 3811 836 3848 man
854 3797 895 3849 die
907 3797 1052 3848 iracundia
1070 3796 1112 3849 ldr
1123 3798 1238 3850 ndtzlich
1252 3813 1295 3849 aur
1387 3799 1388 3864 l

246 3862 271 3915 9.
289 3861 614 3929 commemoratam,
633 3862 683 3916 den
695 3863 725 3919 P.
775 3863 911 3926 fortitudo
930 3864 992 3918 hill.
