2790 4476
214 231 276 290 100
548 229 643 282 usuro
659 230 678 282 1.
696 233 738 296 45,
759 233 815 283 roo.
833 231 876 294 re,
895 234 954 287 uo.

213 414 243 467 et
264 404 437 466 reformidet
460 405 564 466 oratio.
602 404 696 465 Totus
717 403 808 482 igitur
829 403 877 464 hic
892 402 976 464 locus
992 412 1037 464 est
1052 402 1293 465 contemnendus

213 492 244 552 in
262 489 364 565 nohis,
380 509 441 552 non
457 489 661 570 neglegendus
676 489 707 549 iu
724 489 848 562 nostris,
870 488 910 549 ita
925 495 1040 564 tamen,
1056 498 1090 549 ut
1103 498 1293 550 mortuorum

163 587 205 638 109
214 595 341 655 corpora
356 575 431 636 nihil
446 575 558 637 sentire
580 575 635 636 vivi
658 574 829 635 sentiamus.
867 573 1019 645 Quantum
1042 582 1140 635 auteur
1163 592 1293 636 consue·
1390 567 1391 624 l

212 661 309 722 tudini
324 662 479 741 famaeque
495 660 625 723 dandum
639 659 686 732 sit,
703 658 732 719 id
744 668 851 721 curent
865 659 930 733 rivi,
946 659 997 721 sed
1009 659 1058 733 ita,
1073 667 1107 720 ut
1118 659 1294 739 intellegant
1390 685 1391 708 κ

213 745 288 808 nihil
304 746 334 807 id
348 747 383 806 ad
401 756 536 808 mortuos
550 746 713 826 pertinere.
1321 755 1337 802 5

299 830 356 892 Sed
371 833 509 911 prolecto
524 849 606 892 mors
628 838 692 892 tum
708 829 886 909 aequissimo
909 829 1009 890 animo
1034 829 1199 909 oppetitur,
1224 847 1294 890 curn

213 915 275 978 suis
297 935 328 977 se
352 915 489 978 laudibus
512 917 569 976 vita
592 915 732 977 occidens
755 914 902 976 consolari
925 922 1033 994 potest.
1070 915 1164 976 Nemo
1185 933 1295 994 parum

214 1002 264 1063 diu
286 1001 372 1076 vixit,
402 1002 453 1081 qui
476 1001 591 1063 virtutis
618 1002 768 1081 perfectae
791 1001 925 1079 perfecto
948 1001 1069 1061 functus
1092 1009 1136 1062 est
1157 1018 1295 1061 munere.

214 1086 305 1147 llnlta
320 1087 393 1148 mihi
404 1087 459 1168 ipsi
476 1087 511 1148 ad
527 1094 653 1148 mortem
668 1085 841 1167 tempestiva
855 1085 987 1160 fuerunt,
1003 1103 1092 1164 quam
1107 1084 1220 1146 utinam
1236 1105 1294 1166 po-

214 1171 337 1232 tuissem
352 1171 451 1234 obirel
475 1172 554 1233 Nihil
569 1172 649 1234 enim
665 1173 723 1233 iarn
738 1169 960 1250 adquirebatur,
983 1170 1130 1234 cumulata
1145 1179 1232 1232 erant
1247 1172 1294 1232 ol·
1322 1177 1352 1226 10

214 1258 280 1318 licia
295 1257 380 1330 ritae,
397 1276 466 1318 cum
482 1258 601 1319 fortuna
615 1257 692 1318 hello
708 1256 868 1318 restabant.
902 1255 967 1327 Qua
982 1274 1014 1318 re
1030 1257 1055 1317 si
1069 1257 1132 1336 ipsa
1147 1257 1222 1317 ratio
1237 1257 1295 1316 mi·

216 1361 273 1404 nus
284 1343 428 1422 perficiet,
440 1351 473 1404 ut
485 1350 610 1404 mortem
624 1343 781 1423 neglegere
792 1341 949 1421 possimus,
966 1349 995 1402 at
1006 1341 1063 1402 rita
1074 1349 1139 1403 acta
1149 1340 1295 1420 perficiat,

215 1437 248 1488 ut
269 1428 339 1489 satis
361 1446 511 1508 superque
534 1428 639 1490 vixisse
666 1428 827 1489 videamur.
872 1426 1057 1505 Quamquam
1086 1427 1165 1487 enim
1188 1445 1296 1488 sensus

214 1511 336 1586 abierit,
359 1522 459 1574 tamen
482 1512 543 1575 suis
566 1525 595 1574 et
609 1513 739 1593 propriis
754 1511 843 1573 honis
858 1511 951 1573 laudis
967 1521 997 1572 et
1011 1512 1138 1592 gloriae,
1160 1513 1296 1591 quamvis

216 1616 276 1658 non
301 1598 448 1669 sentiant,
470 1599 581 1660 mortni
604 1617 666 1659 non
689 1606 801 1659 carent.
838 1596 903 1658 Etsi
925 1597 1004 1659 enim
1021 1597 1096 1658 nihil
1110 1597 1201 1658 hahet
1215 1598 1246 1658 in
1263 1617 1296 1658 se
1321 1604 1351 1653 15

214 1681 308 1760 gloria
324 1700 378 1743 cur
393 1692 564 1762 expetatur,
586 1692 684 1744 tannen
699 1683 838 1745 virtutem
856 1691 1007 1762 tamquam
1029 1681 1135 1743 umbra
1149 1683 1295 1761 sequitur.

165 1771 206 1836 ‚46
217 1767 326 1828 Verum
341 1768 539 1830 multitudinis
554 1768 695 1831 iudicium
711 1769 747 1830 de
762 1767 850 1828 bonis
865 1767 890 1830 si
906 1767 1026 1847 quand-o
1041 1776 1101 1840 est,
1121 1767 1215 1847 magis
1230 1766 1294 1828 lau-

123 1883 125 1886 ·
164 1861 207 1911 1'10
216 1853 345 1915 dandum
367 1863 414 1916 est
436 1872 524 1934 qnam
547 1855 589 1916 illi
612 1854 649 1917 oh
674 1873 738 1916 eom
760 1872 824 1915 reru
846 1853 935 1914 beati.
964 1853 1030 1914 Non
1054 1872 1178 1933 possum
1193 1860 1294 1914 autem

252 2005 358 2058 hinem
368 2002 541 2070 Gegenstand,
563 2005 653 2072 Frage,
675 2005 726 2056 wie
777 2003 836 2056 Ahl.
846 2001 1079 2068 hdnfigattrihntir
1092 2020 1123 2055 zu
1133 2005 1216 2056 einern
1228 2003 1295 2056 Sub·

215 2075 256 2134 24,
276 2075 317 2123 57.
779 2072 875 2123 stantir
891 2075 998 2136 gesetzl.
1020 2070 1055 2123 So
1066 2074 1179 2134 49,116:
1192 2077 1295 2122 mortes

250 2143 273 2192 4.
291 2138 382 2200 famae
400 2139 445 2192 der
462 2139 561 2192 dffentl.
577 2139 709 2206 Meinnng.
778 2155 838 2190 eum
852 2141 946 2204 gloria
964 2139 1014 2204 (liu
1028 2140 1181 2206 gloriosas).

249 2208 296 2258 ced
306 2211 355 2271 ita,
368 2208 436 2271 aber,
449 2210 499 2260 wie
509 2213 609 2274 gesagt,
627 2223 675 2261 nur
686 2223 725 2262 so.
805 2209 946 2260 Mallem
954 2208 989 2258 ist
996 2207 1052 2262 Fut.
1063 2225 1103 2260 ex.
1112 2209 1163 2261 nnd
1172 2223 1200 2260 es
1213 2207 1295 2260 sollte

251 2279 275 2329 l.
290 2275 423 2338 laudibus,
445 2275 655 2342 Ruhnaeethaten,
665 2276 727 2328 Ver·
779 2275 918 2342 allerdings
930 2276 965 2326 irn
978 2275 1134 2343 llanptsatne
1147 2276 1191 2328 das
1204 2276 1265 2329 rut.
1274 2276 1292 2328 1.

216 2342 324 2394 dienste.
779 2343 875 2409 folgen‚
895 2343 1008 2395 welches
1025 2345 1091 2396 auch
1110 2344 1167 2396 dem
1185 2359 1227 2396 am
1240 2345 1295 2394 An-

250 2413 307 2461 oita
320 2411 452 2464 occidens.
471 2404 727 2478 Wirsagenz‘wenn
778 2412 856 2477 lange
880 2411 925 2462 der
948 2412 1056 2465 Periode
1083 2413 1149 2465 noch
1176 2429 1208 2464 an
1236 2413 1294 2464 sich

216 2493 285 2531 man
304 2493 344 2530 arn
361 2478 453 2531 Abend
470 2479 516 2532 dee
534 2480 633 2532 hebens
652 2474 702 2532 —'.
778 2481 861 2532 selbot
882 2478 1034 2532 denhenden
1053 2479 1182 2534 Schriltst.
1199 2496 1295 2546 vorge-

251 2549 274 2601 8.
294 2545 592 2612 perfecto-munem
619 2551 727 2614 s.lo,95
778 2549 896 2601 schweht
914 2549 966 2600 hat.

217 2631 248 2666 zu
270 2617 301 2666 in
325 2619 399 2668 omni
419 2620 529 2668 virtute.
565 2615 612 2669 llil
629 2633 728 2668 munuc
812 2619 869 2668 suis
881 2621 908 2666 et
917 2618 1037 2683 propriis
1046 2618 1131 2681 bonis,
1141 2618 1291 2682 s.n.29,70;

216 2687 325 2735 virentes
336 2684 547 2750 mutauere:
562 2689 728 2752 geometriae
758 2715 765 2772 p
779 2685 903 2737 uuerden
916 2684 1025 2737 Genetiv
1042 2685 1170 2738 laodice!
1182 2684 1293 2750 gloriae

217 2769 315 2803 munuc
333 2755 466 2805 tuebatur.
777 2768 799 2808 s.
815 2758 855 2815 15,
868 2755 901 2806 34
918 2768 950 2804 zu
968 2753 1114 2804 mercedem
1129 2753 1245 2818 gloriae.

251 2825 275 2874 9.
297 2821 335 2872 ad
350 2828 463 2874 mortem
482 2825 635 2889 tempestiva
647 2847 679 2868 ιι
692 2822 730 2872 ad
810 2821 1215 2888 16.virtwtem-eequitur‚rgl.
1223 2821 1292 2873 oben

216 2890 385 2941 moriendum
398 2896 563 2956 opportuna:
581 2891 649 2942 vlele
661 2890 728 2942 Zeit·
779 2892 822 2954 38,
834 2893 863 2943 91
874 2909 880 2950 ς
899 2889 936 2941 lll.
950 2891 975 2953 2,
987 2893 1011 2943 3.

217 2957 315 3023 punkte
337 2957 399 3009 oder
417 2957 618 3025 Gelegenheiten
642 2973 727 3010 waren
815 2962 854 3010 ll.
866 2959 967 3010 Verum
983 2958 1018 3008 ist
1034 2957 1093 3022 Adj.
1120 2954 1170 3007 ner
1187 2956 1293 3008 Znsarn-

217 3024 264 3074 mir
287 3024 327 3075 lur
348 3025 397 3075 den
420 3024 476 3077 'lod
498 3027 650 3093 rechtzeitig
676 3025 728 3077 nnd
778 3026 907 3092 rnenhnng
919 3027 967 3078 ist:
986 3025 1036 3077 llas
1049 3024 1129 3077 Urteil
1142 3024 1187 3075 der
1198 3023 1292 3088 hlenge

217 3091 331 3156 gunstig,
350 3091 427 3142 ninal.
440 3092 479 3145 als
490 3093 532 3144 ich
545 3094 590 3146 dee
603 3094 728 3146 hdchsten
778 3095 813 3145 ist
830 3093 928 3146 hierbei
947 3092 1098 3158 allerdings,
1125 3093 1186 3144 weil
1203 3090 1292 3158 hionlig

217 3157 330 3210 Rnhrnes
343 3159 458 3226 wurdige
470 3159 571 3213 'lhaten
583 3162 728 3215 vollbracht
780 3163 850 3214 nicht
859 3159 1291 3227 zutreffend,wenigmalsgehend;

217 3226 297 3277 hatte.
410 3229 414 3236 '
780 3231 841 3282 aher
859 3245 886 3281 es
905 3230 976 3295 gicht
993 3229 1227 3291 dotherdienste,
1240 3228 1293 3280 wie

254 3297 294 3348 10.
312 3293 383 3344 nihil
404 3323 438 3331 -
459 3296 666 3362 adquirebatur:
684 3291 728 3348 ‘Es
780 3299 822 3350 die
848 3298 892 3350 der
918 3299 952 3349 im
980 3297 1118 3364 folgenden
1143 3300 1292 3363 genannten

218 3363 314 3427 warja
329 3361 413 3414 nichts
426 3363 497 3414 mehr
514 3364 565 3427 (lsrr
577 3363 655 3428 mich)
673 3364 728 3417 hin·
779 3365 885 3418 Minner
894 3367 955 3431 (und
965 3367 1067 3419 Ciceros
1076 3367 1199 3430 eigenes),
1208 3364 1292 3416 denen

217 3426 729 3553 th‘ldllltilllltullii·
780 3433 1293 3554 tulllwtllhlllh?hellel

218 3566 268 3618 den
286 3566 365 3619 hatte.
393 3567 443 3619 Zur
460 3567 543 3620 Sache
560 3569 612 3636 vgl.
630 3569 656 3620 in
675 3570 729 3622 (lat.
780 3570 917 3623 Lehzeiten
931 3570 1043 3623 hewulst
1055 3570 1097 3636 ist,
1115 3569 1172 3622 dals
1183 3570 1236 3622 ihnn
1249 3570 1292 3621 ein

217 3633 371 3699 lll.12‚29.
780 3638 894 3702 soloher,
922 3638 973 3690 und
1000 3653 1069 3690 zwar
1096 3640 1137 3691 ein
1163 3653 1215 3689 ron
1242 3637 1293 3690 den

253 3705 389 3755 cumulata
412 3709 491 3756 eram
514 3719 600 3756 waren
633 3706 660 3756 in
681 3706 729 3757 rei·
780 3706 979 3772 Bestgesinnten
997 3707 1129 3774 gerolller,
1148 3706 1219 3757 nicht
1238 3705 1293 3758 leh·

218 3769 293 3821 chem
309 3768 390 3824 Messe
408 3773 469 3836 (von
486 3773 544 3839 mir)
562 3772 657 3825 erldllt.
780 3775 821 3826 len
847 3774 923 3840 wird‚
948 3775 989 3827 ldr
1010 3775 1059 3826 den
1082 3775 1147 3826 wind
1169 3774 1224 3825 dies
1244 3773 1294 3826 Be-

254 3841 294 3890 11.
305 3854 364 3890 eum
372 3838 486 3900 fortuna
504 3842 580 3894 della.
604 3841 729 3894 Wieeine
780 3842 923 3908 wulstsein,
941 3844 1005 3895 auch
1024 3859 1099 3896 wenn
1119 3858 1146 3894 er
1163 3856 1195 3893 an
1215 3841 1293 3895 keine
1390 3853 1391 3916 l

218 3907 347 3974 (s.2l,5ll
359 3908 420 3961 wird
433 3910 499 3962 auch
512 3925 573 3962 eum
585 3910 631 3962 nrit
643 3910 728 3963 einem
779 3911 940 3978 persdnliche
957 3910 1175 3963 Unsterblichkeit
1193 3911 1295 3976 glanht,
