2800 4476
555 220 698 274 ureruv.
716 225 826 289 mim.
1158 220 1217 278 165

152 393 392 474 conscripturum
407 393 534 456 arbitror
555 395 664 457 —uhi
686 395 765 457 enim
786 394 892 456 melius
916 393 958 455 uti
980 412 1138 474 possumus
1152 395 1220 468 hoc,

5 443 7 536 1
153 479 330 541 cuicuimodi
342 489 396 555 est,
408 476 490 542 otio?
505 482 586 542 -ad
598 481 782 560 Brutumque
794 489 929 543 uestrum
940 479 994 542 hos
1006 479 1098 542 libros
1113 479 1221 541 alteros

152 564 285 644 quinque
306 566 469 641 mittemus,
491 585 508 627 a
528 585 588 645 quo
609 586 670 627 non
685 568 773 629 modo
789 565 907 646 impulsi
922 583 1024 627 sumus
1038 565 1075 625 ud
1089 565 1220 646 philoso-

152 651 225 730 phas
240 650 424 730 scriptiones,
439 670 541 714 verum
557 652 644 714 etiem
658 652 794 714 lacessiti.
830 652 864 713 lu
881 671 939 731 quo
955 660 1100 730 quantum
1115 651 1221 712 ceteris

114 748 129 798 5
152 736 299 815 profuturi
315 737 416 811 simus,
432 756 494 799 non
510 737 593 799 facile
609 739 751 812 dixerim,
766 738 877 800 nostris
892 737 1009 817 quidem
1025 736 1221 799 acerbissimis

152 820 304 884 doloribus
323 823 468 903 variisque
491 831 520 884 ct
540 823 672 903 undique
695 823 879 886 circumfusis
900 822 1041 885 molestiis
1062 823 1117 884 alia
1140 823 1221 884 nulla

152 907 249 988 potuit
263 907 388 969 inveniri
404 908 518 971 levatio.

188 1044 211 1095 1.
228 1043 283 1107 ubi,
301 1056 321 1094 s.
340 1057 371 1094 zu
391 1045 431 1107 35,
451 1045 507 1096 102.
747 1046 771 1096 5.
785 1041 929 1110 profuturi
945 1047 1028 1096 simtu
1045 1072 1078 1082 -
1096 1043 1220 1098 dixerim.

187 1111 211 1162 2.
225 1112 395 1177 cuicro'modc‘,
413 1126 434 1165 s.
453 1126 485 1162 ru
502 1110 541 1164 111.
560 1113 600 1176 34,
619 1115 660 1166 83.
712 1112 830 1165 Gieicher
843 1110 962 1164 Wechsel
979 1111 1023 1164 des
1035 1111 1162 1164 Numerus
1173 1110 1222 1163 fiu-

186 1179 291 1230 olteror.
326 1180 359 1231 Er
376 1180 447 1231 hatte
463 1179 515 1232 ihm
528 1180 607 1232 sehon
620 1179 661 1233 (lie
713 1181 757 1233 det
775 1180 829 1232 sich
847 1180 913 1232 euch
930 1180 962 1232 de
980 1179 1023 1232 flu.
1036 1180 1053 1234 1.
1067 1184 1091 1246 ’1,
1104 1182 1150 1232 24:
1170 1179 1223 1232 Sed

153 1246 210 1298 tuni
222 1245 321 1300 Bucher
332 1248 364 1301 de
376 1246 420 1300 flu.
433 1248 492 1301 bou.
506 1254 533 1301 et
543 1249 603 1302 mul.
618 1265 662 1317 ge·
712 1255 745 1301 ut
769 1251 891 1301 omittam
910 1249 1033 1315 periculo
1054 1278 1102 1314 -,
1123 1249 1160 1300 ad
1182 1266 1221 1314 oa,

152 1315 265 1368 widmet.
715 1334 783 1386 quae
799 1347 833 1355 -
849 1319 975 1368 videnlur·
998 1318 1114 1383 leviora,
1131 1320 1222 1368 uenia·

188 1387 212 1437 3.
230 1384 447 1451 adphilorophar
458 1388 623 1453 scriptiones,
642 1401 661 1440 s.
713 1403 772 1439 mus
789 1385 841 1438 und
860 1385 898 1439 oft
915 1386 942 1437 iu
960 1386 1009 1439 deu
1027 1385 1137 1439 Briefeu.
1163 1380 1223 1451 vul.

153 1452 203 1505 den
220 1451 279 1507 krit.
296 1453 363 1507 Aah.
713 1455 781 1507 noch
798 1472 823 1523 p.
847 1454 901 1520 Lig.
926 1459 949 1521 1,
973 1457 1019 1515 2ος
1044 1454 1076 1506 de
1098 1455 1160 1522 imp.
1179 1454 1223 1506 Gn.

187 1523 211 1572 4.
223 1521 345 1588 moereri,
355 1520 449 1574 Brutus
458 1521 529 1575 hatte
539 1523 579 1576 eiu
591 1521 662 1576 Buch
713 1523 803 1590 Pomp.
823 1526 863 1589 16,
881 1526 922 1576 tr.
957 1523 1016 1576 Hier
1038 1521 1154 1574 schlieist
1171 1521 1223 1574 Gic.

154 1589 186 1639 do
202 1592 303 1640 uirtute
319 1589 486 1656 geschriebeu
504 1590 556 1643 und
574 1591 661 1645 Cicero
713 1593 740 1643 iu
756 1591 899 1659 profuturi
914 1594 996 1643 simus
1013 1592 1079 1644 euch
1097 1591 1147 1644 deu
1160 1590 1223 1642 Bru·

153 1656 305 1723 geuidmet3
323 1673 343 1711 s.
364 1657 392 1714 V.
412 1663 435 1726 1,
454 1663 476 1712 1.
713 1665 755 1713 tus
774 1661 820 1712 mit
838 1660 888 1713 eiu.
