2800 4476
194 224 257 284 120
580 222 674 276 LlBER
691 222 723 276 V.
743 225 783 287 10,
796 226 836 276 30.
846 224 887 276 31.

192 399 268 472 litas,
287 397 431 469 solitudo,
447 395 563 457 emissio
579 413 718 465 suorum,
741 412 843 474 graves
859 394 976 456 dolores
991 393 1140 473 corporis,
1156 393 1272 473 perdita

193 483 338 557 valetudo,
357 481 506 554 debilitas,
522 480 662 554 caecitas,
678 479 815 541 interitus
830 480 957 560 patriae,
974 480 1124 553 exsilium,
1146 479 1272 540 servitus

195 569 332 647 denique.
362 567 396 628 ln
413 567 458 628 his
473 574 517 627 tot
531 573 561 626 et
575 565 664 627 tantis
679 597 721 609 -
736 573 824 643 atque
841 565 927 626 etiam
943 565 1028 645 plura
1053 572 1179 644 possunt
1193 563 1272 625 acei-

195 653 264 715 dere
280 687 322 698 -
336 659 435 732 potest
450 670 513 712 esse
525 651 658 731 sapiens;
674 668 743 711 nam
758 650 832 710 haec
847 669 932 712 casus
943 651 1093 730 importat,
1110 650 1160 728 qui
1176 649 1207 709 in
1224 668 1271 710 sa·

194 739 326 819 pientem
341 744 439 817 potest
453 737 614 797 incurrere.
652 737 689 796 At
704 736 729 796 si
744 754 778 795 ea
793 736 866 797 mala
891 744 977 810 sunt,
1001 735 1052 814 qui
1073 743 1171 814 potest
1185 753 1273 814 prae·
1294 745 1309 793 a

195 833 273 886 stare
293 840 411 900 semper
433 821 596 900 sapientem
619 820 739 882 beatum
761 821 835 895 fore,
858 839 925 882 cum
947 820 993 880 vel
1015 821 1046 880 in
1070 819 1208 881 omnihus
1226 819 1273 882 his

141 920 172 972 30
193 928 255 970 uno
284 916 417 987 tempore
446 925 509 968 esse
538 903 651 987 possit?
695 907 761 967 Non
784 905 874 986 igitur
900 905 984 967 facile
1014 904 1147 966 concedo
1174 923 1272 984 neque

196 993 288 1055 Bruto
305 1011 371 1052 meo
386 1009 484 1070 neque
499 989 707 1054 communibus
721 990 869 1069 magistris
884 1010 940 1053 nec
955 991 1103 1053 veteribus
1116 991 1183 1064 illis,
1204 990 1272 1050 hri-

196 1077 304 1152 stoteli,
320 1076 496 1157 Speusippo,
511 1075 681 1150 Xenocrati,
699 1075 868 1150 Polemoni,
884 1085 933 1150 ut,
949 1094 1017 1136 oum
1033 1095 1075 1150 ea,
1092 1094 1166 1155 quae
1182 1093 1273 1156 supra

196 1163 374 1234 enumeravi,
390 1162 421 1222 in
436 1161 520 1222 malis
536 1169 709 1236 numerent,
725 1161 814 1222 iidem
830 1161 928 1222 dicant
942 1179 1060 1240 semper
1075 1161 1193 1221 beatum
1209 1179 1274 1222 esse
1296 1167 1324 1218 lo

195 1248 370 1328 sapientem.
408 1246 490 1318 Quos
505 1247 530 1308 si
544 1247 646 1308 titulus
669 1247 717 1306 hio
738 1245 865 1306 delectat
879 1246 1004 1325 insignis
1020 1255 1049 1306 et
1062 1246 1198 1326 pulcher,
1214 1247 1273 1326 Py-

195 1334 333 1412 thagora,
357 1333 495 1406 Socrate,
519 1331 641 1392 Platone
664 1330 869 1410 dignissimus,
895 1331 1039 1392 inducant
1060 1332 1191 1392 animum
1214 1331 1272 1403 illa,

196 1436 322 1498 quorum
337 1418 496 1497 splendore
512 1417 679 1496 capiuntur,
705 1416 774 1478 viris
796 1416 991 1477 valetudinem
1010 1416 1273 1496 pulchritudinem,

196 1503 309 1564 divitias
323 1504 454 1564 honores
470 1520 541 1580 opes
552 1511 745 1563 contemnere
761 1519 863 1580 eaque,
880 1519 955 1580 quae
967 1501 1013 1562 his
1028 1502 1176 1563 contraria
1191 1512 1271 1575 suut,

195 1607 250 1669 pro
273 1588 366 1649 nihilo
388 1587 511 1662 ducere;
541 1596 604 1647 tum
629 1596 774 1667 poterunt
802 1586 960 1648 clarissima
983 1604 1055 1648 voce
1085 1587 1218 1667 profiteri
1241 1606 1272 1649 se
1294 1592 1321 1644 15

196 1692 295 1753 neque
310 1674 447 1734 fortunae
458 1672 571 1753 impetu
587 1690 643 1733 nec
658 1671 854 1733 multitudinis
866 1671 1009 1751 opinione
1024 1690 1081 1733 nec
1097 1672 1200 1733 dolore
1215 1691 1272 1734 nec

196 1767 369 1838 paupertate
392 1757 500 1818 terreri
522 1757 679 1836 omniaque
701 1756 757 1818 sibi
778 1757 810 1817 in
833 1775 898 1818 sese
913 1775 978 1818 esse
1000 1757 1105 1836 posita,
1128 1776 1185 1818 nec
1209 1777 1274 1818 esse

144 1851 173 1903 31
196 1844 354 1923 quicquam
369 1852 451 1904 extra
466 1861 548 1904 suam
569 1851 753 1923 potestatem,
771 1842 848 1920 quod
867 1843 979 1904 ducant
1000 1842 1030 1903 in
1052 1842 1150 1904 bonis.
1186 1843 1274 1912 Nune

196 1937 226 1990 et
240 1929 313 1990 ha'eo
327 1929 426 2008 loqui,
443 1947 518 2007 quae
536 1936 607 1989 sunt
621 1927 720 2007 magni
736 1927 887 1988 cuiusdam
908 1935 938 1988 et
951 1926 1000 1987 alti
1016 1928 1087 2000 viri,
1111 1935 1140 1988 et
1161 1929 1273 2002 eadem,

197 2032 272 2093 qnae
283 2015 395 2093 volgus,
411 2014 442 2074 in
458 2013 542 2075 malis
557 2022 586 2074 et
600 2013 688 2074 bonis
704 2030 862 2073 numerare
876 2012 1001 2072 concedi
1016 2013 1098 2073 nullo
1114 2013 1203 2074 modo
1220 2032 1274 2093 po·
1295 2019 1322 2070 11

195 2107 262 2160 test.
293 2099 357 2170 Qua
373 2099 464 2178 gloria
481 2107 646 2160 commotus
660 2096 808 2177 Epicurus
826 2097 973 2172 exoritur,
998 2097 1047 2158 cni
1063 2098 1168 2171 etiam,
1190 2098 1215 2160 si
1229 2097 1274 2159 dis

196 2183 306 2263 placet,
328 2184 442 2244 videtur
457 2201 575 2262 semper
590 2184 708 2263 sapiens
723 2183 834 2243 beatus.
870 2182 925 2242 llio
941 2182 1083 2262 dignitate
1098 2183 1188 2245 huius
1203 2201 1273 2244 sen·

133 2275 137 2286 '
196 2269 305 2330 tentiae
321 2268 445 2347 capitur,
461 2268 513 2329 sed
525 2286 688 2347 numquam
704 2267 733 2328 id
744 2267 864 2342 diceret,
880 2267 904 2328 si
919 2268 983 2346 ipse
998 2287 1030 2329 se
1042 2268 1166 2329 audiret.
1194 2267 1273 2340 Quid

232 2403 255 2453 3.
274 2404 304 2450 in
317 2403 358 2451 bis
374 2405 413 2452 tot
430 2405 456 2450 et
474 2404 564 2451 tauns.
590 2400 710 2452 Absicht-
762 2401 803 2452 cin
822 2399 874 2452 Gut
892 2401 1010 2453 erlilirte.

197 2467 249 2520 lich
261 2467 321 2520 laist
335 2468 422 2521 Gicero
436 2467 490 2519 hier
501 2469 580 2520 malis
592 2484 658 2535 weg,
677 2468 710 2520 da
794 2469 927 2520 inducant
942 2472 1062 2520 antinum
1074 2461 1116 2520 ‘so
1129 2473 1222 2536 mdgcn
1235 2470 1273 2523 sie

197 2552 224 2588 er
248 2536 295 2588 mit
319 2535 369 2589 den
393 2535 513 2588 Stoiliern
538 2536 608 2589 diese
627 2536 709 2604 Dioge
760 2537 815 2588 sich
833 2537 1017 2590 entschlielsen
1034 2528 1085 2589 -'.

197 2604 263 2658 eben
281 2603 353 2656 nicht
369 2604 408 2656 als
425 2606 497 2656 mala
515 2604 665 2659 anerkennt.
795 2607 836 2658 15.
850 2609 1128 2672 temporaraneum
1141 2604 1158 2657 1.
1173 2607 1213 2668 13,
1227 2607 1272 2658 30:

232 2675 255 2727 5.
280 2677 422 2738 praestaro
445 2666 532 2725 ‘daldr
558 2665 708 2740 einstehen',
762 2672 843 2724 Tolle.

197 2741 244 2793 mit
266 2741 350 2793 einem
368 2740 571 2806 ObJehtssatze
594 2741 658 2796 auch
682 2757 707 2807 p.
795 2745 834 2794 17.
860 2745 1013 2807 omniaque,
1036 2755 1056 2793 s.
1079 2739 1097 2792 l.
1121 2743 1166 2805 29,
1186 2744 1217 2794 71
1241 2755 1273 2791 zu

197 2809 289 2861 Flacco
313 2812 353 2874 12,
371 2812 416 2863 28:
434 2810 603 2876 (Praedones)
620 2809 710 2861 nullos
760 2809 943 2873 adhibuitque.

197 2875 265 2942 fore,
283 2881 343 2943 quio
351 2882 493 2943 praestare
504 2881 632 2944 poterat?
649 2875 708 2944 Vgl.
796 2879 835 2930 18.
857 2875 952 2940 Nunc,
976 2876 1025 2928 wie
1046 2875 1085 2928 lll.
1111 2877 1139 2941 1,
1158 2878 1173 2928 2
1180 2895 1187 2938 ;
1216 2875 1274 2939 aut,

196 2945 234 2998 lll.
256 2947 296 3009 16,
306 2947 347 2997 34.
761 2944 814 3010 vgl.
832 2944 862 2998 ll.
882 2947 961 3009 4,11.

233 3014 257 3065 8.
276 3014 458 3064 communibus
475 3015 622 3079 magistris,
643 3029 665 3067 z.
678 3012 708 3066 B.
796 3014 837 3065 21.
861 3011 919 3075 Qua
935 3013 1029 3077 gloria
1051 3016 1196 3063 commotus
1209 3003 1273 3063 ‘von

198 3079 256 3132 dem
275 3082 302 3143 8,
321 3081 351 3131 21
371 3086 516 3146 genannten
534 3081 634 3132 Aristus
655 3080 707 3132 und
759 3077 883 3145 Regierde
898 3080 964 3131 nach
976 3080 1073 3132 diesem
1085 3078 1168 3132 Rnhm
1181 3079 1273 3145 gelrie·

196 3147 346 3200 Antiochus.
758 3140 825 3201 ben'.
852 3146 952 3214 Wegen
961 3150 1054 3213 gloria
1067 3163 1088 3200 s.
1104 3163 1136 3200 zu
1144 3148 1271 3212 11.2θ,46;

232 3219 256 3268 9.
283 3214 458 3281 Speusippus,
480 3215 525 3267 der
550 3215 706 3269 Schwester-
757 3218 1015 3281 wegenquaglcre'a
1028 3215 1273 3281 lurouiuereiglo·

198 3283 263 3336 sohu
288 3282 333 3336 des
356 3282 443 3348 Plato,
469 3298 523 3335 war
549 3285 608 3336 aoht
629 3284 707 3336 Jabre
757 3285 802 3335 ria
815 3299 836 3338 s.
847 3281 866 3334 l.
878 3287 918 3348 19,
927 3287 960 3337 45
972 3300 1005 3336 zu
1017 3287 1082 3336 bueo
1089 3283 1273 3350 pulchritudo.

197 3352 258 3418 lang
275 3353 448 3416 tter-339)
475 3352 530 3404 sein
553 3351 708 3419 Nachlolger
792 3355 817 3401 si
828 3353 870 3403 die
877 3354 970 3419 placet
981 3353 1044 3404 wird
1058 3353 1148 3404 immet
1159 3351 1273 3404 ironisch

197 3421 232 3472 im
254 3418 372 3472 Lehramt
395 3419 439 3472 der
455 3419 605 3474 Alindemie.
640 3421 708 3472 Uber
760 3419 909 3485 gebraucht.
933 3419 992 3472 llier
1004 3419 1096 3473 druckt
1104 3435 1133 3472 es
1143 3419 1185 3473 die
1195 3409 1274 3471 llber-

196 3489 396 3541 Xenocrates
414 3503 434 3540 s.
453 3503 485 3540 zu
503 3487 520 3542 l.
536 3492 576 3552 10,
589 3491 634 3550 20;
653 3489 708 3541 sein
759 3489 895 3554 reschung,
914 3487 970 3540 dals
988 3489 1053 3542 auch
1065 3489 1111 3556 Ep.
1131 3488 1186 3541 dies
1207 3493 1274 3571 segc,

197 3555 353 3623 Nachlolger
371 3554 467 3607 wieder
483 3557 517 3620 (v.
531 3559 580 3610 315
593 3559 635 3621 an)
655 3571 708 3612 war
759 3570 818 3617 aus;
838 3551 994 3608 etwcz‘wer
1005 3557 1082 3610 sollte
1096 3571 1123 3608 es
1138 3555 1258 3608 denhen‘l

196 3622 340 3689 Polemo,
364 3623 405 3675 ein
428 3624 569 3690 geborener
585 3624 707 3677 Athener.
759 3622 821 3675 oder
836 3618 943 3676 ‘meiner
955 3617 1038 3677 Treu'.
1070 3623 1106 3677 So
1123 3625 1150 3675 in
1164 3623 1215 3676 Pis.
1231 3626 1272 3688 16,

232 3695 272 3746 11.
282 3692 371 3744 titulis
381 3691 542 3757 (Ehrentltel)
554 3694 606 3756 hic,
619 3707 654 3744 sc.
666 3708 708 3742 aa·
759 3693 806 3745 38:
829 3693 986 3759 Appellatus
1009 3697 1049 3743 est
1072 3695 1114 3743 hio
1138 3694 1274 3745 volturius

192 3761 302 3825 pientio.
758 3760 833 3810 illiue
855 3763 1030 3827 provinciae,
1059 3764 1083 3812 si
1109 3761 1151 3812 dis
1173 3761 1273 3827 placet,

234 3829 274 3881 12.
292 3827 410 3879 Platone.
447 3827 497 3880 Gic.
516 3826 632 3891 vergisst,
651 3827 707 3880 dais
759 3829 915 3893 imperator.

197 3895 263 3947 auch
282 3893 364 3946 dieser
382 3894 423 3947 die
440 3894 556 3947 iusseren
567 3893 649 3962 Dioge
667 3895 708 3948 ihr
793 3896 834 3948 23.
851 3899 876 3946 si
893 3899 948 3963 ipro
964 3914 992 3947 ce
1004 3888 1233 3949 audiret:.‘wenn
1245 3910 1272 3948 er
