2800 4476
450 217 544 275 mssa
560 217 592 272 v,
610 221 702 286 scos.
714 221 755 274 oe.
776 221 886 285 aaron.
1127 215 1187 278 153

115 397 147 458 in
161 411 227 455 oasa
240 393 325 472 panis
341 391 424 454 datus
436 399 523 465 esset,
539 390 613 452 nihil
624 392 718 454 visum
730 401 774 453 est
789 391 839 452 illo
853 408 931 472 pane
945 389 1113 454 iucundius.
1136 391 1190 454 So-

114 488 218 544 craten
231 479 341 552 lemnt,
355 495 524 556 cumusque
537 478 571 537 ad
591 494 745 556 vesperum
753 476 923 554 contentius
929 475 1191 555 ambularetquae·

114 567 266 642 situmque
278 571 356 626 esset
367 581 402 624 ex
414 581 449 624 eo
463 579 520 641 qua
531 581 564 624 re
575 561 604 622 id
615 562 735 637 laceret,
751 562 942 641 respondisse
954 579 994 636 se,
1011 580 1070 641 quo
1086 562 1190 624 melius
1262 591 1271 696 Ι

115 657 247 726 cenaret,
264 666 302 727 op
361 666 412 709 are
428 647 604 708 ambulando
616 647 733 709 lamem.
761 646 860 719 Quidl
871 647 979 708 victum
995 646 1193 708 Lacedaemo·
1206 658 1236 710 98

74 743 90 794 t
113 736 235 816 nicrum
250 734 313 813 inp
335 733 415 794 ilitiis
427 751 529 794 nonne
540 730 697 794 ridemus?
713 733 770 795 Ubi
785 751 853 794 cum
868 741 1013 813 tyrannus
1027 733 1192 796 cenavisset

115 820 292 900 Dionysius,
309 818 425 899 negavit
440 837 472 880 se
487 817 552 879 iure
567 817 617 879 illo
632 818 728 896 nigro,
745 819 824 898 quod
840 835 932 879 cenae
948 827 1037 898 caput
1052 827 1123 893 erat,
1139 821 1191 881 de·

112 907 267 969 laetatum.
291 904 366 965 Tum
382 904 417 978 is,
433 903 484 983 qui
500 902 547 964 illa
563 912 697 964 coxerat:
712 895 846 966 ‘Minime
862 902 985 979 mirnm3
1001 904 1191 965 condimenta

113 992 197 1054 enim
213 979 392 1052 doluerunt'.
416 981 512 1060 ‘Quae
527 978 685 1050 tandeml'
704 987 801 1067 iuquit
815 987 872 1049 ille.
901 980 1013 1050 ‘Labor
1026 989 1058 1050 in
1074 998 1190 1064 venatu,

113 1077 218 1151 sudor,
235 1093 340 1136 cursus
355 1074 391 1135 ad
405 1073 558 1147 Eurotam,
575 1075 675 1148 lamcs,
690 1074 753 1136 sitis
759 1093 768 1149 ;
783 1074 829 1134 his
844 1073 923 1134 enim
938 1073 1028 1144 rebus
1044 1074 1191 1135 Lacedae·

61 1169 89 1223 tt
112 1162 285 1224 moniorum
311 1159 414 1240 epulae
444 1148 651 1220 condiuntur'.
696 1161 792 1237 Atque
814 1160 871 1220 hoc
894 1177 955 1219 non
978 1177 1014 1220 ex
1036 1159 1191 1220 hominum

112 1265 200 1310 more
215 1246 327 1320 solum,
343 1244 497 1307 sedetiam
512 1262 549 1305 ex
564 1243 666 1306 hestiis
681 1243 812 1323 intellegi
828 1253 939 1324 potest,
956 1261 1041 1322 qnae,
1058 1253 1093 1305 ut
1107 1244 1191 1322 quic·

113 1333 188 1412 quid
199 1331 348 1392 obiectum
360 1338 413 1404 est,
429 1329 611 1408 quodmodo
628 1347 644 1390 a
660 1338 764 1392 natura
780 1348 842 1391 non
858 1329 895 1391 sit
910 1328 1048 1403 alienum,
1065 1349 1100 1390 eo
1117 1348 1190 1390 con-

112 1427 217 1479 tentae
229 1436 290 1478 non
307 1424 456 1494 quaerunt
468 1414 602 1494 amplius.
626 1414 762 1477 Civitates
778 1413 921 1493 quaedam
936 1415 1089 1476 universae
1104 1433 1187 1476 more
1203 1426 1233 1478 99

112 1504 220 1565 doctae
242 1500 421 1581 parsimonia
435 1500 635 1573 delectantur,
656 1509 690 1561 ut
705 1502 741 1562 de
760 1499 1001 1562 Lacedaemoniis
1017 1498 1104 1578 paulo
1120 1508 1189 1560 ante

60 1597 93 1648 15
113 1589 251 1650 diximus.
286 1586 441 1648 Persarum
457 1605 473 1647 a
488 1584 689 1664 Xenophonte
704 1586 798 1648 victus
814 1585 987 1664 exponitur,
1010 1603 1086 1663 quos
1102 1592 1190 1663 negat

112 1675 151 1736 ad
174 1690 281 1753 panem
304 1670 444 1732 adhihere
461 1671 618 1750 quicquam
635 1680 752 1749 praeter
768 1670 959 1752 nastqpp'prm.
995 1668 1189 1748 Quamquam,

112 1760 138 1821 si
151 1758 295 1838 quaedam
307 1756 394 1817 etiam
407 1756 540 1818 suaviora
557 1763 660 1816 natura
675 1755 831 1826 desideret,
847 1773 934 1834 quam
951 1755 1044 1816 multa
1060 1773 1096 1816 ex
1111 1763 1191 1816 terra

112 1842 331 1920 arboribusque
359 1841 525 1920 gignuntur
550 1859 619 1902 cum
642 1840 728 1920 copia
753 1841 831 1902 lacili
858 1849 921 1901 tum
942 1839 1082 1901 suavitate
1105 1859 1191 1918 prae·

111 1929 222 1992 stautil
246 1927 326 1988 Adde
353 1926 523 2024 sicq'pqhtem,
540 1943 614 2004 quae
629 1926 824 2004 consequitur
837 1926 916 1988 hanc
931 1925 1146 1987 continentiam
1160 1926 1191 1986 in

60 2022 87 2074 20
109 2015 206 2085 rictu,
228 2013 300 2074 adde
315 2012 522 2106 integrumtem
537 2010 729 2087 valetudinis;
752 2013 857 2072 confer
872 2011 1022 2084 sudantis,
1037 2010 1190 2090 ructaptis,

111 2101 240 2160 refertos
262 2096 358 2178 epulis
380 2108 529 2176 tamquam
546 2095 661 2176 opimos
681 2096 786 2158 boves:
809 2105 872 2158 tum
889 2096 1051 2176 intelleges,
1074 2095 1125 2174 qui
1141 2114 1192 2156 vo·

111 2186 257 2265 luptatem
271 2182 396 2244 maxime
408 2190 582 2262 sequantur,
598 2201 649 2244 eos
660 2182 782 2245 minime
794 2182 947 2261 consequi,
963 2181 1191 2266 iucunditatem·
1212 2223 1250 2280 35

114 2289 175 2350 que
190 2269 284 2331 victus
299 2287 363 2330 esse
378 2269 410 2330 in
426 2268 587 2353 desiderio,
606 2286 668 2329 non
684 2268 715 2329 in
731 2267 873 2329 satietate.
905 2267 1109 2340 Timotheum,
1132 2266 1191 2327 cla·
1208 2304 1250 2356 100

114 2374 184 2418 rum
198 2354 351 2416 hominem
367 2353 489 2415 Athenis
505 2365 535 2416 et
550 2353 717 2434 principem
733 2353 872 2426 civitatis,
889 2354 1003 2426 lerunt,
1020 2371 1087 2414 cum
1103 2370 1190 2413 cena·

62 2449 90 2500 25
112 2441 204 2502 risset
226 2439 303 2526 apud
319 2438 471 2500 Platonem
495 2454 590 2517 eoque
612 2439 745 2501 convivio
765 2438 923 2500 admodum
938 2439 1099 2499 delectatus
1115 2444 1192 2499 esset

152 2609 176 2658 1.
189 2603 319 2655 Socraten
335 2604 396 2666 (wie
417 2604 434 2656 l.
448 2607 488 2667 10,
507 2605 629 2656 21:1³1*
676 2608 729 2664 ,σείς
749 2619 769 2658 s.
788 2619 819 2654 ru
836 2602 877 2655 tv,
897 2604 937 2666 19,
958 2605 1000 2655 44.

113 2675 262 2734 νοοναεση);
280 2671 333 2736 vgl.
351 2671 443 2723 Athen.
461 2670 502 2723 lV.
521 2686 544 2736 p.
567 2675 629 2724 157:
716 2675 754 2724 15.
778 2687 795 2722 a
812 2670 999 2736 Xenophonte:
1020 2669 1114 2736 Gyrop.
1132 2669 1149 2722 l.
1168 2671 1192 2736 2,

114 2733 234 2807 Σωκράτ
252 2734 628 2804 θδᾶκαὶπολλᾶκιεκατελαμ-
680 2741 704 2792 8.
724 2738 781 2804 Vgl.
800 2739 831 2790 de
850 2735 893 2790 fin.
912 2737 939 2790 ll.
958 2740 999 2802 28,
1018 2739 1059 2791 92.

113 2756 628 2877 floiveroZaanepmavoivdorrdparfla·
718 2809 756 2860 18.
781 2808 860 2872 copia
885 2803 978 2870 facili,
1004 2805 1063 2858 Ahl.
1089 2805 1191 2872 qualit:

113 2877 197 2930 datar
208 2871 262 2944 πρὸ
271 2875 319 2938 τῆς
328 2874 421 2938 οἰκίας,
432 2877 479 2926 καὶ
488 2872 556 2942 πρὸς
566 2872 629 2928 uode
675 2868 767 2928 ‘leicht
784 2869 961 2926 auschaffnor’.

114 2943 355 3027 πυνέὶανομένογσ·
374 2946 406 2994 Tr
419 2937 628 3026 wml‘ffiffm'
676 2994 679 3003 ,
717 2946 756 2998 ts.
774 2943 896 2994 Addo—
909 2942 1122 3024 tumintcllagas,
1140 2957 1160 2993 s.
1173 2941 1191 2996 l.

113 3033 131 3085 ⁷
131 3031 183 3133 ⁸2⁰
187 3027 335 3146 ’1111ῗέ
335 3006 628 3145 111111111111111
680 3009 1190 3144 ¹³a2tttd⁰lhnttthta...

114 3149 215 3202 Zukost
236 3140 390 3201 eiukaulen’.
674 3149 729 3202 den
743 3147 855 3200 Zostnnd
872 3147 918 3200 des
930 3146 1120 3202 menschliehen
1130 3145 1191 3198 llor-

133 3221 157 3270 5.
167 3220 196 3268 in
203 3217 399 3283 philitiah=in
405 3216 537 3282 phtdtttir.
556 3214 628 3268 hnch
698 3231 739 3269 ers
761 3217 795 3267 im
819 3216 961 3282 Gegensata
988 3231 1070 3283 gegen
1094 3215 1191 3277 Fldsse,

114 3285 149 3337 im
175 3285 274 3338 Griech.
300 3281 420 3354 φιλίτια,
448 3279 555 3352 φιδίτια
577 3283 629 3336 und
676 3234 1113 3353 Kalamhfllulschwellungmdgl.
1132 3281 1190 3348 vgl.

115 3349 246 3421 qretdl'ua.
281 3351 339 3418 Vgt.
358 3351 425 3404 Plut.
443 3351 505 3420 Lyc.
525 3355 566 3405 12.
680 3353 734 3406 Gat.
752 3352 785 3405 M.
806 3357 846 3415 10,
864 3355 905 3408 34.

150 3424 174 3474 6.
191 3422 349 3488 Dionysius,
367 3421 411 3472 der
429 3421 516 3472 altere.
715 3424 896 3487 consequitur,
914 3437 935 3474 s.
953 3437 984 3473 zu
1003 3420 1021 3482 l,
1040 3421 1079 3482 16,
1098 3421 1139 3473 36.

149 3492 210 3540 iuro
229 3489 276 3541 r'llo
301 3493 396 3555 nigro,
422 3488 506 3555 ζωμῷ
527 3487 628 3539 Λακω-
677 3518 680 3546 ;
714 3492 755 3543 21.
769 3494 904 3555 tamqnam
919 3492 1021 3555 opimos
1038 3490 1121 3540 boves.
1145 3487 1190 3541 hie

114 3547 628 3690 auraemalae.tate
677 3556 1190 3690 terranem.taetrum

115 3698 198 3759 caput
215 3663 269 3744 erro,
285 3697 354 3745 artie
375 3693 474 3746 decore.
536 3663 543 3688 ⁹
713 3694 754 3747 23.
779 3691 957 3744 Timotheum:
985 3693 1087 3745 Conons
1111 3691 1191 3758 Sohn,

149 3764 173 3814 9.
193 3776 286 3813 cursus
304 3762 340 3812 ad
356 3753 485 3816 Eur-fam
502 3751 627 3816 Eurotas’.
678 3759 917 3814 Wiederhersteller
950 3760 994 3813 der
1023 3761 1188 3815 athenischen

151 3832 190 3883 11.
203 3834 235 3879 ut
241 3830 370 3894 quicquid
383 3831 515 3882 adiectum
529 3832 575 3893 est,
587 3828 628 3880 ldr
679 3825 823 3881 Seemacht.

25 3923 28 3930 ·
115 3901 146 3948 ut
164 3897 270 3963 aliquid
287 3899 418 3948 obiectum
436 3902 482 3962 ert,
500 3896 629 3963 quicquid
715 3899 756 3948 24.
771 3898 931 3962 prinoipem,
950 3897 999 3950 wie
1017 3895 1035 3950 Ι.
1055 3901 1096 3965 15,
1109 3901 1149 3952 34.
