2800 4476
199 217 260 276 148
581 217 887 286 unsnvaneoor.

198 392 291 454 secuti
314 391 489 453 imbecillius
503 391 629 452 horrent
643 390 776 452 dolorem
793 400 822 450 et
836 391 1046 466 reformidant3
1068 391 1191 471 reliquis
1206 392 1272 470 qui-

197 478 265 538 dem
279 477 348 538 licet
363 479 459 538 iacere
474 477 521 550 id,
537 477 617 555 quod
633 478 696 536 lere
710 476 832 548 faciunt,
847 485 882 538 ut
896 477 1066 555 gravitatem
1082 477 1270 556 dignitatem·

198 581 256 641 que
270 562 388 623 virtutis
403 569 590 642 exaggerent
621 561 716 632 Quam
731 579 799 621 cum
814 561 849 621 ad
866 563 981 624 caelum
996 563 1174 636 extulerunt,
1191 563 1270 641 quod

86 643 98 661 ‘
197 649 295 708 lacere
310 647 484 726 eloquentes
498 647 634 708 homines
649 647 769 725 copiose
784 646 897 719 solent,
921 647 1033 726 reliqua
1049 664 1085 708 ex
1100 648 1271 708 conlatione

197 733 282 794 facile
294 741 340 794 est
349 740 506 804 conterere
516 742 604 811 atque
617 740 818 792 contemnere.
841 732 901 793 Nec
914 733 994 793 enim
1005 732 1074 794 licet
1086 733 1130 806 iis,
1146 733 1198 812 qui
1210 733 1272 793 lau·
1293 743 1306 792 ι

197 818 264 878 dem
287 836 355 878 cum
378 817 481 878 dolore
509 818 666 899 petendam
683 836 747 877 esse
762 815 871 888 dicant,
889 836 997 896 negare
1013 837 1065 880 eos
1080 837 1145 879 esse
1159 819 1270 892 beatos,

197 903 249 981 qui
265 902 342 963 illam
359 903 454 980 adepti
470 910 556 976 sunt3
571 920 750 981 quamquam
766 903 846 962 enim
861 903 922 964 sint
937 903 967 962 in
985 902 1160 982 quibusdam
1177 903 1271 976 malis,

198 995 296 1048 tamen
310 987 366 1047 hoc
382 1005 492 1048 nomen
508 987 586 1048 hosti
601 988 691 1068 longe
706 997 735 1047 ot
750 986 807 1047 late
825 997 914 1066 patet.

146 1067 182 1122 31
285 1072 358 1133 Nam
369 1081 403 1134 ut
418 1080 595 1151 quaestuosa
611 1081 785 1145 mercatura,
801 1073 954 1134 fructuosa
968 1073 1060 1132 aratio
1076 1072 1194 1145 dicitnr,
1211 1092 1271 1133 non

146 1148 177 1200 ⁸⁶
199 1157 223 1217 si
247 1156 336 1218 altera
356 1175 474 1236 semper
494 1158 575 1218 omni
598 1159 723 1230 damno,
745 1157 835 1218 altera
860 1158 942 1218 omni
956 1158 1139 1237 tempestatis
1154 1158 1274 1218 calami·
1295 1165 1320 1216 to

199 1252 258 1302 tate
279 1260 397 1322 semper
416 1252 512 1315 vacat,
536 1243 586 1304 sed
603 1243 626 1304 si
652 1242 745 1303 multo
760 1241 871 1303 maiore
886 1262 921 1303 cx
937 1251 1022 1322 parte
1036 1251 1130 1304 exstat
1144 1243 1175 1305 iu
1193 1251 1273 1304 utra·

199 1345 258 1405 que
272 1327 405 1401 felicitas,
421 1328 532 1389 sicrita
549 1346 609 1388 non
626 1327 721 1389 solum
737 1326 762 1388 si
778 1327 909 1407 undique
925 1329 1033 1388 referta
1049 1327 1136 1389 honis
1151 1337 1205 1401 est,
1222 1329 1273 1389 scd

199 1413 223 1473 si
246 1412 340 1473 molto
361 1413 472 1474 maiore
494 1421 525 1474 et
546 1413 680 1492 graviore
703 1431 738 1473 ex
760 1421 843 1491 parte
865 1412 945 1473 hona
959 1413 1161 1493 propendent,
1188 1413 1273 1474 beata

147 1505 176 1556 tt
199 1505 280 1558 recte
301 1498 358 1559 dici
380 1505 487 1578 potest.
521 1498 669 1577 Sequetur
690 1498 781 1576 igitur
794 1497 901 1559 horum
917 1500 1033 1559 ratione
1047 1499 1093 1559 vel
1107 1499 1142 1558 ad
1159 1499 1274 1578 suppli·

199 1583 278 1643 oium
290 1582 374 1644 beata
388 1583 447 1644 rita
462 1583 599 1644 virtutem
615 1601 743 1662 cumque
758 1601 792 1644 ea
808 1583 968 1644 descendet
983 1584 1013 1644 in
1029 1591 1147 1644 taurum
1159 1585 1273 1646 Aristo·
1295 1591 1321 1641 15

199 1667 267 1740 tele,
282 1667 458 1743 Xenocrate,
471 1668 647 1749 Speusippo,
660 1669 820 1729 Polemone
833 1668 1012 1743 auctoribus,
1031 1686 1085 1729 neo
1098 1687 1161 1730 eam
1174 1669 1272 1742 minis,

198 1751 407 1815 blandimentis
435 1762 576 1833 corrupta
606 1754 730 1816 deseret
775 1752 884 1814 Eadem
908 1753 1100 1833 Calliphontis
1123 1755 1180 1815 erit
1201 1754 1272 1815 llio-

198 1836 324 1917 dorique
336 1839 494 1914 sententia,
510 1857 638 1919 quorum
654 1847 781 1918 uterque
796 1839 981 1900 honestatem
997 1839 1040 1900 sic
1055 1839 1273 1919 complectitur,

198 1930 232 1983 ut
246 1923 353 1997 omnia,
373 1942 448 2003 quae
464 1925 528 1986 sine
544 1943 577 1985 ea
593 1925 662 1999 sint,
678 1924 767 2003 longe
782 1932 863 1984 retro
879 1923 1019 2003 ponenda
1035 1933 1162 1985 censeat.
1192 1925 1274 1985 Reli-

199 2008 250 2086 qui
276 2007 387 2070 hahere
413 2027 444 2070 se
468 2009 605 2070 videntur
630 2009 800 2089 angustius,
828 2017 949 2070 enatant
973 2019 1089 2082 tamen,
1116 2009 1273 2089 Epicurus,
1295 2016 1321 2066 nt

198 2092 407 2174 Hieronymus,
423 2103 452 2155 et
466 2095 490 2156 si
506 2094 658 2173 quisunt,
678 2095 731 2173 qui
751 2093 901 2155 desertum
917 2093 989 2155 illud
1004 2093 1204 2155 Carneadeum
1221 2113 1274 2174 cu·

199 2187 267 2239 rent
288 2179 455 2240 defendere.
490 2179 583 2240 Nemo
604 2189 649 2241 est
662 2181 741 2241 cuim
758 2197 872 2252 eorum,
889 2180 961 2259 quin
978 2178 1126 2240 honorum
1142 2180 1273 2241 animum

234 2327 259 2378 2.
278 2325 347 2391 licet,
365 2327 431 2378 nach
449 2328 521 2378 ihren
539 2326 692 2396 Principien.
757 2329 975 2395 praeponderari
987 2332 1133 2390 honestam
1152 2329 1216 2381 oben
1232 2332 1273 2394 l‘l,

235 2395 258 2444 3.
277 2399 452 2459 coaggerant,
470 2396 520 2446 urie
539 2398 579 2458 to,
597 2398 638 2449 51.
762 2400 804 2449 ot.

234 2463 259 2512 4.
281 2478 317 2512 oc·
338 2463 491 2514 conlatione
509 2456 556 2515 ‘im
576 2464 710 2531 Vergleich
798 2467 837 2518 14.
860 2465 967 2516 horam:
994 2466 1059 2517 nach
1086 2464 1144 2516 dem
1169 2463 1273 2532 System
1381 2477 1382 2530 t

200 2529 247 2580 mit
270 2528 314 2580 der
336 2528 444 2596 Tugend
462 2554 495 2574 =
513 2531 547 2583 im
566 2532 709 2599 Gegensatc
762 2532 808 2584 der
826 2531 1014 2598 Peripatetiher
1032 2532 1083 2584 ond
1101 2532 1224 2584 hhadem.

200 2613 230 2650 zu
250 2589 312 2648 ihr'.
798 2603 837 2653 15.
861 2603 891 2651 in
914 2604 1036 2666 taonem,
1058 2617 1094 2653 so.
1112 2601 1273 2652 Phalaridis.

235 2667 710 2732 5.materera,gleichsammithlsen
762 2667 820 2734 Vgl.
840 2671 882 2727 26,
900 2671 941 2720 lo.

200 2737 290 2799 treten,
308 2735 342 2786 im
355 2735 499 2802 Gegensata
511 2750 542 2787 au
561 2737 597 2788 ad
608 2738 710 2788 caelum
797 2738 837 2789 to.
854 2736 1019 2802 Xenocrate,
1042 2736 1204 2803 Spmccippo,
1226 2738 1275 2788 Po-

200 2803 303 2866 effare.
764 2804 873 2856 lemoaa
909 2803 984 2856 Diese
1003 2803 1056 2855 drei
1079 2804 1137 2856 sind
1160 2820 1212 2856 von
1231 2804 1275 2856 der

236 2872 259 2920 o.
277 2871 378 2934 dicant,
396 2870 466 2921 nicht
483 2871 590 2938 dicuni,
607 2873 667 2924 weil
685 2874 712 2925 in
763 2871 833 2923 alten
852 2871 1000 2923 Akademie.
1036 2871 1095 2938 Vgl.
1115 2876 1155 2936 10,
1172 2875 1215 2925 30.

200 2937 298 2989 diesem
315 2937 473 2990 Relativsata
496 2938 541 2990 der
563 2939 649 2992 Gmnd
672 2941 712 2992 hir
797 2943 924 2990 minis-
939 2945 1077 3006 corrupta,
1094 2941 1136 2991 ein
1154 2941 1274 3006 Zeugma,
1380 2961 1381 2982 ι

200 3006 242 3056 die
259 3004 432 3072 Behuuptung
453 3022 508 3058 non
533 3007 595 3059 licet
614 3012 649 3060 iic
666 3025 712 3060 ne·
764 3006 794 3058 da
814 3013 943 3073 compta
960 3023 1010 3059 nur
1030 3024 1062 3059 au
1086 3010 1275 3060 casamento
1380 3045 1381 3052 1

198 3088 268 3138 gare
293 3072 424 3125 enthalten
446 3073 496 3139 ist,
523 3076 644 3128 wihrend
668 3077 712 3129 der
763 3076 831 3142 palst
853 3076 915 3141 (rgl.
939 3075 971 3128 de
992 3075 1136 3140 fln.t.1o,
1159 3080 1204 3130 33:
1229 3079 1275 3142 pai

200 3140 321 3206 folgende
331 3140 488 3194 Relatirsata
499 3143 545 3195 mit
557 3150 621 3195 aaut
630 3144 712 3211 ledig-
763 3144 903 3195 blanditiis
911 3147 1097 3210 praesentiam
1107 3145 1274 3212 voluptatum

201 3207 253 3260 lich
277 3223 322 3260 aur
345 3207 549 3276 Umschreihung
571 3213 641 3264 eines
664 3213 713 3266 Be·
764 3213 873 3264 domnici
891 3217 972 3278 atque
985 3216 1187 3278 complicet),
1207 3213 1275 3264 wih-

202 3275 291 3344 grilles
308 3276 387 3329 dicut.
763 3280 826 3332 reud
843 3295 876 3331 zu
887 3283 969 3330 minis
981 3284 1080 3332 territa
1093 3283 1198 3347 erginat
1211 3295 1275 3332 wer-

236 3339 713 3414 hqnamqaam—sint‘mdglicher·
764 3348 813 3400 den
832 3348 907 3400 mols.
941 3347 969 3400 S.
987 3349 1129 3401 auiserdem
1148 3365 1180 3400 zu
1197 3347 1235 3400 lll.
1251 3351 1276 3409 3,

201 3415 290 3479 weiss,
308 3407 459 3466 viellcicht’.
765 3418 793 3467 6:
812 3419 914 3482 opibus,
931 3419 1040 3468 aindas.
1379 3463 1380 3468 ,

236 3483 260 3534 8.
288 3481 368 3547 longo
389 3486 416 3532 et
439 3482 492 3532 laio
512 3487 600 3548 patet:
619 3475 713 3536 ‘findet
795 3485 1276 3551 19.retroponcnda=porlponcnda.

201 3549 259 3601 eine
278 3551 355 3601 weite
371 3545 563 3616 huweudung'.
794 3545 1195 3618 20.aaoare.seaogmuas‘oich
1206 3554 1277 3605 mehr

236 3619 276 3670 13.
310 3619 477 3683 propendent
501 3611 710 3684 ‘uherwiegen’;
764 3619 789 3671 in
813 3619 970 3687 Bedringnis
996 3614 1141 3682 hefioden';
1164 3625 1277 3672 mutant

200 3685 268 3737 denn
274 3687 494 3752 praeponderare
503 3686 602 3739 hommt
611 3687 652 3738 hei
660 3686 712 3739 Gic.
765 3713 799 3734 ε
812 3695 962 3753 morgunt:
978 3680 1075 3741 ‘hellen
1089 3689 1143 3740 sich
1163 3680 1277 3753 hersus'‚

201 3753 269 3805 noch
287 3753 358 3806 nicht
374 3755 400 3805 in
424 3754 596 3806 intransitiver
614 3753 712 3807 Bedeo-
763 3764 837 3808 sonst
853 3757 924 3808 nicht
943 3757 1055 3823 tropisch
1076 3757 1225 3823 gebraucht.

201 3821 712 3956 ttthtn'lltlthlhtttti
763 3824 1278 3958 cdtlt‘tttttlltltltl‘tlt

288 3928 295 3942 ·
385 3929 392 3954 a
443 3928 450 3940 ·
609 3943 610 3948 ,
808 3928 815 3944 ·
1210 3931 1219 3958 r
