2800 4476
538 249 634 303 LIBER
652 249 682 302 V.
701 251 794 315 26‚73.
1142 247 1201 306 141

124 427 239 488 litatem
256 423 362 486 civium
377 430 488 495 cernat,
505 422 612 484 iustitia
628 421 702 483 nihil
718 423 747 483 in
764 440 845 484 suam
863 423 983 483 domum
999 421 1068 483 inde
1084 422 1203 496 derivet,

126 507 249 590 reliquis
270 518 370 571 utatur
391 515 436 568 tot
457 516 516 568 tam
539 508 684 586 variisque
705 505 884 569 virtutibus?
920 497 1054 587 h'diunge
1075 507 1205 569 fructum

126 596 337 668 amicitiarum,
364 593 396 654 in
419 612 479 672 quo
501 593 596 654 doctis
616 592 743 672 positum
768 601 813 654 est
840 610 906 654 cum
930 593 1087 655 consilium
1110 591 1206 652 omnis

126 682 203 744 vitae
219 679 410 741 consentiens
426 686 455 739 et
470 696 564 758 paene
587 677 777 756 conspirans,
799 689 862 738 tum
878 697 991 740 summa
1006 677 1173 739 iucunditas
1189 695 1205 736 e

89 780 104 830 5
126 764 274 828 cotidiano
299 764 378 824 cultu
402 771 490 842 atque
512 764 598 825 victu.
644 761 720 832 Quid
736 763 808 823 haec
829 764 946 824 tandem
969 764 1026 824 vita
1050 763 1205 836 desiderat,

129 870 189 932 quo
206 850 243 911 sit
258 846 394 911 heatior‘l
425 849 473 909 cui
488 849 613 910 refertae
636 855 681 908 tot
703 847 852 926 tantisque
872 848 986 926 gaudiis
1008 851 1127 911 fortuna
1143 849 1206 928 ipsa

129 936 216 999 cedat
230 952 352 995 necesse
368 942 422 994 est.
457 933 542 1003 Quod
565 933 590 994 si
611 932 739 1012 gaudere
759 932 868 994 talibus
889 933 976 996 bonis
991 935 1097 1007 animi,
1118 934 1147 995 id
1163 942 1207 995 est

127 1020 295 1094 virtutihus,
311 1018 431 1081 beatum
446 1026 500 1092 est,
517 1035 679 1097 omnesque
695 1017 843 1096 sapientes
858 1018 904 1080 his
918 1019 1030 1097 gaudiis
1045 1021 1206 1100 perfruun-

128 1116 188 1182 tur,
206 1106 302 1166 omnis
318 1123 369 1165 eos
383 1104 485 1165 beatos
501 1122 565 1164 esse
581 1102 716 1165 confiteri
732 1121 854 1164 necesse
870 1112 923 1164 est.

5 1237 6 1254 i
81 1204 109 1255 10
218 1190 250 1252 A.
275 1189 410 1251 Etiamne
425 1189 456 1249 in
473 1188 604 1250 cruciatu
625 1196 715 1267 atque
736 1185 915 1249 tormentis?
945 1188 985 1248 M.
1003 1189 1047 1248 dn
1067 1197 1100 1250 tu
1115 1208 1161 1250 me
1177 1189 1207 1250 in
1221 1169 1259 1224 2⁶

130 1276 207 1360 vi-oJa
222 1275 347 1355 putabas
362 1275 457 1334 autin
473 1292 539 1335 rosa
555 1270 678 1334 dicere?
709 1274 754 1333 dn
769 1272 908 1352 Epicuro,
924 1273 975 1352 qui
989 1281 1103 1334 tantum
1120 1275 1208 1335 modo
1231 1251 1259 1302 ⁷³

132 1361 230 1424 induit
251 1377 409 1440 personam
430 1358 599 1438 philosophi
621 1367 650 1419 et
672 1357 729 1419 sibi
751 1357 813 1439 ipsc
836 1359 893 1419 hoc
915 1377 1024 1419 nomen
1047 1358 1207 1439 inscripsit,

134 1447 234 1508 dicere
249 1444 359 1517 licebit,
376 1444 455 1522 quod
467 1443 596 1522 quidem,
613 1452 646 1505 ut
656 1444 745 1505 hahet
760 1461 861 1517 seres,
877 1462 924 1504 me
938 1452 1036 1505 tamen
1049 1442 1208 1523 plaudente

133 1533 223 1604 dicit,
239 1531 354 1591 nullum
369 1529 494 1609 sapienti
511 1547 574 1590 esse
589 1537 723 1609 tempus,
740 1528 828 1589 etiam
844 1528 868 1590 si
884 1536 1001 1603 uretur,
1024 1536 1208 1608 torqueatur,

79 1631 108 1682 15
132 1624 265 1691 secetur,
289 1615 360 1694 quin
379 1614 472 1695 possit
495 1615 674 1676 exclamare:
701 1606 812 1685 ‘Quom
824 1633 880 1695 pro
902 1614 993 1676 nihilo
1005 1605 1108 1695 potol'
1141 1632 1209 1674 curn

132 1701 308 1783 praesertim
325 1718 413 1760 omne
428 1700 536 1760 malum
553 1699 655 1760 dolore
670 1699 806 1774 definiat,
829 1702 940 1760 honum
955 1700 1120 1780 voluptate,
1136 1699 1209 1760 haec

134 1796 236 1849 nostra
251 1787 374 1847 honesta
390 1785 488 1866 turpia
503 1784 630 1846 inrideat
644 1783 780 1863 dicatque
795 1803 852 1846 nos
866 1785 896 1846 in
912 1785 1034 1846 vocihus
1050 1792 1210 1864 occupatos

134 1872 234 1934 inanis
256 1890 347 1932 sonos
369 1871 495 1932 fundere
518 1888 616 1949 neque
639 1869 796 1948 quicquam
820 1871 855 1931 ad
879 1889 934 1931 nos
956 1869 1122 1949 pertinere,
1153 1868 1210 1930 nisi

172 2026 194 2076 1.
211 2025 241 2072 io
258 2038 335 2072 sacam
352 2021 467 2072 domum.
507 2019 552 2071 llie
571 2019 645 2086 Prip.

136 2091 171 2143 ist
189 2097 295 2156 gesetzt,
315 2088 374 2141 weil
393 2090 464 2140 nicht
481 2088 522 2140 die
538 2089 646 2152 lleimat,

137 2159 247 2212 eoadem
261 2157 306 2209 das
319 2157 399 2210 Lohal
410 2156 562 2208 bezeichnet
574 2154 646 2220 wird,

137 2228 163 2278 in
185 2226 311 2278 welchem
338 2225 383 2277 der
406 2223 568 2290 Gegenstand
591 2239 647 2276 ver·

136 2295 238 2346 bleihen
253 2294 315 2356 soll;
332 2294 385 2359 vgl.
399 2295 430 2346 de
446 2291 489 2344 off.
505 2293 646 2359 1.39,138:

137 2364 231 2428 ltaque
252 2362 299 2412 illc
321 2364 351 2412 iae
368 2377 445 2412 eoam
463 2361 569 2412 mum
587 2377 648 2413 con-

136 2432 254 2482 sulatum
267 2432 375 2496 primus
394 2430 496 2482 attulit.
523 2448 527 2456 ·

172 2501 196 2552 2.
220 2503 274 2548 tom
299 2499 442 2563 varioque.
473 2497 527 2560 θαι
550 2500 603 2548 erat
616 2511 648 2548 an

137 2564 458 2698 tttl‘mttllahtfl
473 2565 649 2697 ilidii?

436 2669 442 2682 ·
525 2671 530 2681 ·
584 2667 591 2682 ⁸
642 2669 649 2695 a

136 2705 182 2756 83:
205 2715 343 2765 caroque.

172 2767 292 2849 frpctum
306 2759 496 2832 ‘genulsreiche
514 2763 649 2817 Unterhal-

137 2844 182 2891 tun
212 2875 217 2888 .

172 2851 201 2959 ὃς
220 2902 295 2953 cultu
317 2905 396 2966 atque
417 2901 505 2951 victu:
536 2899 649 2952 Comlort

138 2975 183 3027 der
192 2968 486 3036 Lehensgemeinschait‚
495 2968 549 3034 vgl.
559 2969 648 3033 22,63.

138 3043 188 3094 ller
214 3054 294 3107 ganne
321 3036 530 3105 prepositionelle
557 3035 649 3088 Zusatz

139 3109 242 3162 vertritt
254 3107 295 3159 ein
307 3105 431 3170 attribue,
451 3105 500 3157 wie
512 3103 553 3157 lv.
567 3107 591 3168 8,
605 3106 649 3158 te:

140 3176 490 3307 aegssnpppttptppippamah
515 3240 650 3293 SoParad.

139 3313 170 3365 V.
183 3310 652 3378 hild:cuiquidemisapieoti)etium,

141 3397 208 3448 quac
225 3382 279 3430 vim
303 3379 398 3429 habere
419 3380 565 3428 rauciacum
585 3379 651 3429 diei-

142 3455 194 3510 tur,
212 3447 326 3509 fortuna
344 3449 404 3530 epea
420 3447 498 3499 cedit.

177 3519 198 3568 8.
222 3518 326 3566 deatum
357 3507 578 3579 Gldckseligheit',
600 3513 651 3565 wie

143 3588 183 3649 15,
198 3585 245 3644 45;
263 3582 315 3649 vgl.
333 3582 351 3636 l.
365 3586 388 3649 5,
402 3585 430 3636 9:
448 3585 583 3634 misorum.

176 3656 217 3705 10.
228 3654 258 3702 in
270 3651 433 3702 viola—out
445 3644 653 3702 inrasa:‘wenn

142 3721 211 3774 einer
224 3719 268 3770 aul
282 3717 367 3771 Rosen
381 3721 496 3786 gebettet
507 3709 562 3769 ist'.
593 3717 652 3769 Hor.

142 3790 222 3841 Germ.
235 3787 252 3837 l.
266 3790 290 3848 5,
304 3791 331 3838 1:
357 3787 421 3851 Quia
440 3786 523 3836 multa
539 3787 654 3852 gracilis

142 3863 167 3907 te
181 3871 252 3923 puer
268 3861 297 3904 in
315 3869 378 3905 roeo
391 3884 423 3894 -—
435 3857 531 3919 urget?
547 3883 579 3892 -
592 3853 654 3905 Dals

143 3940 201 3977 man
219 3921 320 3975 inlust
337 3922 497 3974 undFreude
516 3922 570 3973 sich
590 3921 654 3973 anch

698 2021 745 2071 mit
756 2020 954 2073 Rosenkrinzen
970 2019 1119 2071 schmhckte
1137 2034 1158 2070 e.
1171 2019 1209 2071 ΙΙΙ.

700 2091 796 2209 18‚hd3,
813 2103 856 2140 wo
868 2105 930 2140 rosa
944 2088 1070 2140 ehenialls
1083 2087 1209 2139 lrollektiv

698 2164 737 2210 ste
757 2163 776 2210 t.

735 2230 775 2279 11.
788 2227 831 2278 An
843 2226 963 2291 Epicuro
976 2228 1025 2276 cet.
1052 2223 1101 2276 Der
1111 2223 1210 2290 Gegen-

699 2298 753 2347 salz
766 2294 853 2346 hierzu
869 2293 945 2345 sollte
957 2292 1069 2344 nachher
1080 2293 1148 2345 sein:
1166 2295 1209 2356 iis,

700 2367 747 2431 qui
763 2363 834 2414 nihil
844 2362 1030 2429 expetendum,
1048 2361 1122 2428 quod
1132 2363 1211 2413 hone-

699 2437 767 2482 state
779 2435 879 2494 carcat,
897 2432 1063 2495 eoeiatimant,
1081 2446 1135 2480 non
1150 2430 1211 2480 lica-

700 2502 756 2550 ou?
790 2499 825 2550 lla
845 2499 932 2550 Gicero
956 2498 1016 2550 aher
1039 2498 1082 2550 bei
1100 2497 1210 2564 Epihurs

701 2567 810 2619 Ansicht
822 2567 910 2631 liinger
922 2564 1048 2629 verweilt,
1067 2580 1096 2618 ao
1109 2566 1171 2617 heht
1184 2580 1210 2616 er

701 2634 718 2700 ς
737 2637 769 2686 ’15
787 2649 838 2684 von
857 2648 948 2685 neuem
967 2648 1011 2684 an:
1034 2632 1089 2684 Sed
1109 2636 1211 2684 cumis

701 2703 776 2752 dicat
793 2707 841 2752 cet.

737 2771 776 2822 13.
787 2775 817 2820 ut
826 2770 904 2819 habet
912 2784 939 2818 se
947 2783 1003 2818 rea:
1014 2767 1078 2819 nach
1088 2766 1210 2831 deur‚wie

701 2835 742 2888 die
761 2835 844 2888 Sache
865 2850 916 2886 nuo
935 2835 1028 2887 einmal
1047 2835 1124 2897 steht,
1143 2836 1166 2887 d.
1186 2836 1211 2888 h.

702 2903 733 2956 du
752 2920 779 2956 er
797 2905 861 2957 eheu
876 2902 921 2955 das
933 2902 1051 2970 Richtige
1069 2902 1140 2968 triilt,
1158 2904 1211 2969 egl.

701 2976 744 3038 28,
753 2974 798 3025 82:
811 2987 864 3038 quo
876 2971 953 3022 modo
966 2987 1037 3022 nunc
1050 2976 1100 3034 θεὴ
1114 2976 1211 3034 tumme,

702 3042 762 3093 weil
781 3040 822 3093 die
839 3039 1032 3106 lnlronsequenz
1052 3039 1097 3092 des
1114 3039 1212 3107 Epikur

702 3109 759 3162 eine
773 3109 949 3174 Zustimmung
967 3107 1068 3162 diceros
1086 3108 1157 3160 nicht
1174 3124 1212 3160 er·

703 3182 801 3229 werten
819 3177 888 3231 lilst

732 3265 772 3314 15.
783 3260 1213 3327 cumpraesertim‚vgl.lll.2l,51.

740 3349 779 3400 16.
798 3345 888 3397 dolore
913 3345 1026 3408 definiat
1044 3337 1127 3397 ‘nach
1155 3344 1212 3398 dero

705 3415 824 3468 Schmerz
845 3405 996 3473 bestimmt';
1018 3413 1067 3465 wie
1085 3412 1154 3464 Lael.
1174 3415 1213 3475 16,

705 3486 751 3536 582
764 3482 859 3544 definit
867 3484 1015 3532 amicitiam
1024 3483 1139 3546 parthus
1153 3480 1215 3544 offi-

704 3555 753 3602 ciis
770 3567 803 3602 ac
820 3550 1009 3601 uoluntatibus.

740 3640 779 3690 ll.
798 3637 906 3686 honesta
925 3636 1031 3698 turpia,
1049 3632 1102 3698 vgl.
1125 3633 1143 3684 l.
1171 3635 1213 3696 26,

705 3706 750 3757 64:
773 3719 870 3769 supera
887 3697 986 3764 infera,
1005 3700 1057 3753 und
1075 3706 1154 3753 unten
1173 3704 1214 3767 39,

706 3774 766 3824 114:
785 3775 854 3823 dona
867 3770 948 3833 mala,
960 3784 1046 3834 aequa
1056 3771 1153 3835 iniqua
1165 3778 1215 3823 cet.

741 3857 780 3908 te.
797 3856 888 3905 inania
904 3869 983 3905 conos
1003 3853 1124 3920 fundere,
1143 3871 1163 3908 s.
1182 3870 1215 3906 zu

704 3922 742 3976 lll.
768 3926 807 3988 18,
825 3924 871 3982 423
897 3926 1039 3989 ocmtpatos
1061 3913 1207 3991 ‘belongen'
