2804 4474
203 215 245 277 56
601 217 696 271 unna
713 216 756 273 tv.
775 219 873 285 μδ.

202 402 233 454 ct
252 392 361 452 mentis
381 408 451 452 suas
473 409 489 451 a
510 389 724 470 cogitationum
750 389 919 452 intentione
942 399 1031 451 cantu
1056 390 1224 469 fidibusque
1245 388 1284 450 ad

201 476 446 556 tranquillitatem
460 475 626 550 traducere,
640 477 840 555 gravissumus
854 484 958 537 auctor
973 475 1004 535 in
1020 475 1194 556 Originibus
1208 475 1285 536 dixit

203 562 274 624 Cato
296 580 410 623 morem
434 560 514 640 apud
535 561 663 624 maiores
683 563 765 623 bunc
785 561 939 641 epularum
961 560 1067 636 fuisse,
1090 570 1124 624 ut
1137 561 1282 640 deinceps

203 648 255 728 qui
269 647 450 708 accubarent
465 657 608 708 canerent
628 647 664 707 ad
679 646 781 708 tibiam
803 646 949 707 clarorum
971 645 1102 708 virorum
1121 647 1224 708 laudes
1238 655 1283 706 at-

203 751 262 813 que
282 732 414 793 virtutes.
448 730 492 792 Ex
514 749 574 810 quo
590 732 781 812 perspicuum
805 739 850 792 cst
871 741 900 792 et
921 740 1027 792 cantus
1046 740 1111 792 tum
1131 731 1222 794 luisse
1237 730 1284 791 di·
1305 737 1321 786 5

167 820 332 896 ascriptos
345 835 451 879 vocum
473 817 556 878 sonis
570 826 600 878 et
615 817 756 878 carmina.
794 817 980 895 Quamquam
1002 816 1032 877 id
1054 817 1172 896 quidem
1194 816 1283 902 etiam

202 903 358 965 duodecim
374 901 488 962 tabulae
500 901 660 975 declarant,
677 902 766 963 condi
782 903 839 963 iam
855 911 918 962 tum
934 901 1053 964 solitum
1069 921 1133 964 esse
1148 919 1283 973 carmem

202 987 282 1068 qnod
305 1007 344 1050 ue
364 987 467 1048 liceret
489 986 552 1047 fieri
575 986 610 1047 ad
632 987 753 1048 altorim
774 986 911 1050 iniuriam
927 986 992 1066 lege
1007 998 1178 1049 sanxerunt
1220 987 1282 1050 Nec

201 1091 271 1134 vero
288 1071 359 1134 illud
375 1091 437 1134 non
453 1072 638 1134 eruditorum
658 1082 827 1152 temporum
848 1081 1057 1151 argumentum
1077 1082 1136 1146 eat,
1155 1074 1237 1152 quod
1253 1080 1283 1132 et

202 1160 325 1222 deorum
346 1154 550 1237 pulvinaribus
572 1166 603 1218 et
623 1156 718 1237 epulis
743 1156 965 1236 magistratuum
994 1157 1067 1218 fides
1092 1159 1282 1237 praecinunt,
1305 1160 1334 1210 1⁰

202 1244 281 1323 quod
297 1242 453 1323 proprium
468 1242 532 1304 eins
552 1243 623 1316 luit,
645 1243 682 1304 de
697 1261 756 1322 qua
771 1242 887 1322 loquor,
909 1242 1089 1322 disciplinae.
1125 1243 1197 1305 llibi
1215 1243 1281 1323 qui·

202 1329 370 1391 demetiam
387 1328 474 1409 Appii
490 1327 576 1389 Caeci
589 1346 720 1401 carmen,
737 1328 818 1406 quod
834 1326 917 1388 valde
932 1327 1089 1390 Panaetius
1104 1328 1203 1391 laudat
1218 1327 1281 1408 epi-

202 1414 279 1476 stula
294 1415 439 1493 quadam,
455 1431 531 1492 quae
545 1420 591 1474 cst
605 1412 640 1473 ad
656 1413 693 1484 0.
708 1413 909 1486 Tuberonem,
924 1412 1140 1492 Pythagoreum
1156 1415 1282 1476 videtur.

203 1499 293 1560 llulta
308 1500 395 1560 etiam
411 1506 482 1560 sunt
496 1497 526 1559 in
536 1499 651 1560 nostris
665 1497 809 1560 institutis
823 1498 911 1558 ducta
926 1497 963 1558 ab
974 1497 1041 1573 illis,
1057 1516 1131 1577 quae
1145 1508 1283 1578 praeter·

204 1603 250 1658 ao,
266 1603 305 1646 ne
321 1602 364 1658 ea,
388 1602 463 1664 quae
477 1583 644 1662 repperisse
660 1583 716 1662 ipsi
731 1591 880 1662 putamur,
901 1581 1019 1644 aliunde
1034 1583 1169 1646 didicisse
1184 1584 1283 1646 videa·
1306 1584 1332 1635 15

164 1679 180 1728 t
202 1686 281 1730 mur.
316 1669 373 1730 Sed
389 1677 423 1731 ut
436 1669 472 1730 ad
486 1669 674 1750 propositum
695 1668 797 1730 redeat
811 1668 922 1742 oratio,
944 1667 1130 1747 quambrevi
1145 1678 1282 1751 tempore

236 1807 259 1856 1.
276 1807 372 1854 menae
387 1831 422 1843 -
440 1805 589 1857 traducere.
611 1803 716 1866 antil.
768 1803 814 1856 der
835 1804 899 1870 zeii,
917 1803 968 1857 wie
991 1804 1194 1869 gladiatoriam
1221 1805 1284 1858 oder

201 1871 243 1924 lll.
260 1875 286 1937 4,
305 1874 349 1924 11:
372 1873 551 1940 hpiiagoreir
565 1877 649 1924 morie
659 1871 718 1934 fecit
769 1873 848 1935 badis)
872 1872 975 1924 bealebt
998 1873 1053 1924 aleb
1075 1873 1121 1924 aui
1141 1873 1182 1925 die
1210 1874 1284 1925 lecti-

200 1969 235 1980 -
259 1956 319 1992 cam
335 1946 603 2007 condamnationem,
624 1943 660 1992 ad
678 1942 718 2010 lp·
767 1943 886 2005 sternia,
915 1941 940 1994 d.
968 1941 992 1994 h.
1022 1939 1063 1992 die
1089 1957 1178 2008 angen.
1209 1941 1284 1994 Geat-

201 2024 260 2059 ram
285 2010 363 2074 prim
386 2009 470 2058 lenire
493 2014 605 2074 mentes,
627 2013 666 2075 at,
693 2012 719 2060 ei
768 2008 867 2060 mihler
884 2007 929 2060 der
946 2007 1044 2074 (litter,
1061 2025 1094 2060 aa
1108 2011 1225 2062 welcben
1242 2011 1283 2062 die

202 2077 268 2142 qaid
291 2080 358 2126 earet
374 2077 555 2128 turbidiorum
575 2081 717 2143 cogitatio·
769 2075 955 2140 thterbilder‚
985 2076 1031 2128 aul
1054 2075 1143 2130 llissen
1173 2083 1283 2144 gesetat,

200 2159 274 2209 num,
293 2147 486 2208 componerent.
769 2145 929 2212 symbolisch
945 2145 1109 2198 teilnabmen.
1135 2145 1189 2198 Liv.
1204 2146 1235 2199 V.
1251 2149 1282 2200 13

236 2214 302 2265 2.ιή
316 2211 717 2277 Ouiriniim,a.anl.2,3‚wa
769 2229 794 2267 a.
811 2211 867 2264 xx.
887 2216 927 2266 10.

201 2279 268 2332 auch
286 2279 400 2330 dieaelbe
418 2279 484 2332 Sitia
502 2281 619 2331 erwihnt
636 2279 708 2332 wind.
803 2281 889 2346 epatis
897 2284 1112 2346 magistratuum,
1121 2281 1283 2346 beimdmts

236 2349 260 2399 4.
279 2347 317 2398 ad
332 2348 426 2398 tibiam
442 2370 477 2390 =
488 2347 506 2400 l.
519 2349 543 2412 2,
560 2350 588 2400 3:
608 2348 646 2398 ad
656 2350 717 2400 tibi-
768 2349 882 2413 antritte,
900 2349 1040 2401 besanders
1058 2348 1102 2400 der
1120 2348 1222 2403 ddileu.

201 2417 296 2466 etnam.
801 2417 868 2480 fides
882 2419 1053 2482 praedarent.
1086 2417 1158 2470 Anah
1179 2417 1284 2470 blerano

229 2481 716 2548 adinnptowoeaneoninnechden
767 2484 886 2536 scblieist
909 2484 960 2536 Cio.
983 2485 1066 2537 auriol
1079 2484 1120 2536 liar
1136 2484 1284 2538 diellultur
1384 2471 1385 2554 l

199 2549 346 2603 'l'dnender
359 2549 481 2602 Stimmen
494 2549 654 2604 hermanisclr
672 2566 716 2618 ge·
767 2551 813 2605 dea
831 2552 899 2604 alten
917 2551 991 2605 liam.
1384 2555 1385 2564 ‘

200 2617 583 2686 glinderteoderlrompanierte
591 2617 715 2685 Geainge.
802 2621 842 2674 12
851 2621 1092 2686 AppiaeCiaadiar
1103 2620 1285 2688 Gaemulegte

236 2687 551 2740 t.da0deeimtatua1e.
582 2687 669 2738 Cicero
683 2688 715 2739 de
767 2687 806 2740 als
824 2687 920 2742 Censor
944 2691 990 2743 311
1011 2705 1036 2742 v.
1058 2688 1114 2741 Chr.
1132 2688 1175 2741 die
1192 2691 1284 2756 Appia
1384 2721 1385 2746 t

201 2770 254 2821 rep.
272 2755 315 2808 lV.
334 2759 379 2808 10:
398 2755 452 2807 XII
461 2757 568 2807 teiabe
580 2771 640 2806 mem
655 2771 717 2821 per-
767 2759 812 2808 aia
830 2755 913 2808 undA
935 2757 1044 2809 deducte
1062 2772 1103 2821 an,
1120 2772 1175 2808 war
1194 2760 1283 2825 opiter
1384 2749 1385 2784 l

199 2839 301 2889 paucae
323 2840 367 2875 ree
384 2826 472 2889 eapite
491 2827 659 2889 comment,
685 2826 715 2874 in
766 2824 885 2877 awelmal
911 2772 1023 2886 donsul,
1053 2825 1104 2876 aud
1131 2824 1283 2878 hintertricb
1379 2845 1382 2854 ·

201 2893 243 2942 bis
265 2894 456 2956 huncquoque
477 2892 716 2957 emeimdampa-
767 2894 817 2945 280
834 2891 1086 2958 dieAbscblielsung
1101 2892 1146 2944 des
1159 2891 1284 2947 Friedens
1384 2947 1385 2956 ,

202 2964 333 3024 taceant,
352 2961 377 3010 ei
389 2962 449 3025 qun
460 2964 650 3012 occentavisset
659 2963 716 3010 aiae
767 2961 813 3011 mit
835 2958 958 3028 Pyrrhus.
995 2960 1046 3012 llas
1068 2961 1122 3012 hier
1150 2963 1284 3014 erwibnte
1384 2957 1385 3024 l

202 3042 311 3078 carmen
340 3027 515 3092 condidisset,
542 3029 615 3093 qaod
642 3026 715 3087 infa-
766 3027 875 3080 Gedicbt
888 3028 995 3080 euthielt
1013 3027 1217 3096 Sittensprircbe,
1230 3045 1285 3081 war

1384 3143 1385 3168 l

1384 3193 1385 3222 l

199 3096 281 3173 nciam
307 3092 410 3155 suomi
434 3096 600 3160 flagitiumve
625 3096 713 3158 albei,
766 3096 828 3148 aber
845 3097 938 3162 geniis
955 3095 1284 3215 nichththagoreiscben,

200 3160 246 3213 Dte
259 3159 348 3212 Worte
360 3161 406 3212 des
420 3161 542 3214 Genetaes
559 3163 639 3215 solbat
652 3165 714 3226 (tab.
767 3163 877 3216 sondern
895 3164 954 3215 echt
971 3167 1064 3216 rdmrac
1083 3180 1114 3216 en
1132 3164 1242 3219 Geratea.

203 3228 276 3282 VIII.
300 3229 332 3279 de
350 3229 463 3292 debona
480 3229 580 3282 lacten:
598 3234 637 3281 rei
654 3236 716 3296 quei
800 3235 953 3297 Panaetius,
970 3248 1001 3284 zu
1018 3232 1037 3286 l.
1057 3235 1097 3298 18,
1115 3235 1156 3286 42.

200 3297 281 3362 (qaia)
301 3297 419 3362 pipalad
438 3299 584 3363 (conuicia)
608 3305 715 3350 acenia—
800 3300 913 3365 epistula
940 3301 1068 3366 qaudam,
1091 3300 1133 3352 die
1156 3302 1233 3363 (nach
1251 3301 1283 3354 de

200 3370 237 3417 eit
255 3380 395 3416 camenae
417 3365 532 3416 condicit
545 3367 714 3432 (condiderit)
766 3366 810 3419 fin.
833 3366 875 3421 lV.
895 3372 924 3432 9,
942 3371 984 3432 23)
1007 3383 1058 3421 von
1076 3367 1122 3420 der
1139 3369 1283 3436 Ertragung

203 3433 276 3500 qaod
292 3432 434 3494 infamiam
456 3431 541 3494 faerit
563 3436 714 3501 flagitiumq
768 3435 813 3488 dea
832 3434 982 3488 Schmeraea
999 3435 1128 3488 bandelte.
1384 3479 1385 3482 η

201 3503 304 3565 aiterei,
321 3499 393 3562 faeie
409 3499 513 3562 sanitati
529 3500 675 3567 (feriatur).
801 3507 842 3558 13.
865 3503 895 3568 Q.
913 3505 1006 3555 Aelim
1026 3503 1142 3568 ibbone,
1160 3503 1207 3556 des
1222 3505 1283 3570 jt'rtt·
1384 3507 1385 3578 ,

207 3624 209 3630 ,
235 3573 259 3623 9.
284 3586 361 3633 aero,
385 3571 436 3621 wie
457 3569 475 3622 l.
500 3571 541 3632 39,
560 3571 605 3641 933
627 3572 715 3622 eradi
767 3585 829 3637 gem
853 3571 939 3638 Scipio
964 3571 1097 3624 Africanus
1122 3571 1281 3625 Schweater-
1384 3595 1385 3642 3

200 3643 289 3690 torum
314 3642 468 3704 temporum,
493 3638 550 3690 eine
567 3637 608 3690 bei
627 3639 714 3692 Cicero
766 3638 831 3691 auhn
854 3643 914 3704 (133
932 3640 971 3692 ala
987 3641 1046 3692 trib.
1063 3639 1098 3707 pl.
1117 3639 1219 3705 Gesner
1235 3639 1282 3692 des

202 3705 714 3773 sehraelianeVerbindung,jadocbvgl.
765 3705 823 3760 Tib.
847 3708 996 3774 Gracchus),
1024 3707 1124 3760 Freund
1150 3707 1196 3760 der
1220 3708 1282 3760 stoi·
1384 3709 1385 3712 ’

201 3773 233 3826 de
256 3772 325 3826 deor.
347 3787 373 3826 n.
391 3773 418 3828 ll.
442 3775 488 3840 18,
512 3775 559 3826 48:
579 3776 713 3827 eruditam
765 3775 844 3828 seben
862 3775 1037 3842 Philosophia.

200 3839 277 3893 iliam
284 3841 422 3909 palearem
435 3842 489 3907 (der
501 3841 713 3908 Mathematilrer).
801 3845 839 3897 to.
857 3845 950 3896 redeat
962 3846 1058 3909 matio,
1073 3842 1125 3908 vgl.
1139 3857 1170 3894 au
1188 3842 1227 3895 lll.
1240 3843 1282 3908 33,
1384 3897 1385 3906 ἵ

236 3913 275 3962 10.
302 3910 413 3960 deorum
430 3911 621 3976 puluinaribus
643 3911 711 3975 (Abl.
765 3912 812 3964 80:
832 3913 970 3964 aberrauit
987 3915 1083 3964 matio.
1384 3911 1385 3938 ³
