2800 4476
505 235 599 289 unua
616 235 647 290 v.
666 238 811 306 caesor.
1135 236 1194 296 151

124 410 185 472 dem
204 397 376 490 paululans'
395 401 536 486 inquit‘o
551 399 639 472 eolel'
663 409 812 471 Offocerat
825 409 959 472 videlicet
974 409 1126 490 apuicanti.
1161 409 1199 473 Et
1252 381 1258 482 Ι

124 495 173 556 hic
186 494 305 572 quidem
321 493 470 573 disputare
485 494 598 556 solebat
612 504 724 573 quanto
741 513 841 575 regem
856 494 1013 557 Persarum
1029 495 1087 556 rita
1104 498 1198 559 fortu-

125 597 224 658 naque
240 586 412 658 superaret;
435 578 491 640 sibi
508 581 581 640 nihil
596 581 716 656 deesse,
732 580 772 641 illi
790 579 863 641 nihil
878 581 948 643 satis
962 599 1103 660 umquam
1118 583 1197 657 lore3

125 683 157 726 sc
173 665 237 726 eius
256 664 421 744 voluptates
443 683 503 725 non
527 665 710 739 desiderare,
732 665 839 744 quibus
862 683 1023 745 numquam
1038 668 1135 729 satiari
1149 667 1198 729 illc

90 757 105 807 5
126 757 236 830 posset,
252 767 319 811 suas
335 766 401 810 eum
418 750 562 829 consequi
578 751 660 812 nullo
677 751 765 812 modo
780 769 877 830 posse.

213 834 309 908 Vides,
327 834 424 909 credo,
440 843 474 895 ut
484 833 632 915 Epicurus
647 835 840 915 cupiditatum
856 854 966 915 genera
981 835 1119 912 diviserit,
1137 855 1198 897 non

126 920 216 981 nimis
229 921 351 981 tortasse
366 919 530 994 subtiliter,
545 920 657 982 utiliter
671 929 786 994 tamen,
808 921 915 1001 partim
932 939 996 982 esse
1012 921 1153 982 naturalis
1170 929 1200 982 et

126 1005 323 1076 necessarias,
345 1005 452 1082 partim
476 1005 617 1066 naturalis
638 1014 668 1066 et
687 1025 749 1067 non
773 1006 968 1079 necessarias,
995 1007 1102 1086 partim
1124 1025 1198 1067 neu·

125 1100 223 1163 trum3
245 1089 426 1151 necessarias
440 1089 538 1151 satiari
553 1109 640 1170 posse
655 1109 750 1171 paene
766 1089 872 1167 nihilo;
889 1090 1001 1153 divitias
1016 1093 1095 1153 enim
1113 1099 1199 1152 natu-

76 1186 105 1239 to
126 1194 177 1236 rae
199 1193 263 1237 esse
285 1173 436 1254 parabilis3
457 1175 621 1237 secundum
644 1184 741 1237 autem
764 1193 859 1254 genus
880 1175 1073 1256 cupiditatum
1092 1195 1147 1238 nec
1163 1175 1199 1237 ad

126 1260 302 1342 potiendum
324 1260 443 1321 difficile
465 1278 530 1322 esse
552 1269 653 1323 censet
676 1279 731 1322 nec
749 1277 818 1322 vero
834 1260 870 1321 ad
888 1260 1066 1335 carendum3
1086 1263 1198 1335 tertias,

126 1347 206 1425 quod
218 1353 318 1407 essent
328 1344 416 1424 plane
431 1345 528 1407 inanis
544 1364 641 1425 neque
657 1345 862 1407 necessitatem
878 1346 975 1420 modo,
991 1346 1042 1408 sed
1058 1364 1096 1407 ue
1112 1356 1198 1408 natu-

126 1449 189 1492 ram
211 1430 330 1510 quidem
351 1430 547 1509 attingerent,
569 1432 701 1493 funditus
721 1429 868 1492 eiciendas
889 1431 1011 1511 putavit.
1045 1431 1110 1492 Hoc
1133 1431 1198 1492 loco
1221 1435 1250 1486 94

125 1516 218 1578 multa
233 1515 268 1576 ab
281 1514 434 1594 Epicureis
446 1516 644 1596 disputantur,
660 1534 770 1595 eaeque
785 1516 949 1596 voluptates
965 1515 1133 1597 singillatim
1149 1534 1200 1577 ex·

76 1611 104 1663 le
126 1609 304 1673 tenuantur,
330 1618 455 1678 quarum
476 1619 586 1681 genera
608 1621 669 1663 non
693 1610 906 1676 contemnunt,
932 1610 1080 1681 quaeruut
1099 1609 1198 1662 tamen

127 1686 253 1766 copiam.
286 1685 358 1746 Nam
382 1694 411 1747 et
432 1686 576 1748 obscenas
595 1686 776 1768 voluptates,
798 1687 833 1747 de
855 1686 963 1766 quibus
983 1687 1076 1748 multa
1091 1687 1127 1748 ab
1143 1686 1200 1747 illis

129 1771 256 1832 habetur
277 1771 384 1845 oratio,
407 1772 514 1846 facilis,
537 1773 720 1846 communis,
749 1771 779 1832 in
803 1772 901 1833 medio
923 1772 993 1834 sitas
1008 1790 1072 1834 esse
1087 1772 1199 1845 dicunt,

129 1875 238 1936 easque
260 1856 285 1917 si
300 1864 405 1918 natura
420 1857 566 1936 requirat,
589 1877 650 1919 non
667 1875 777 1938 genere
793 1865 844 1918 aut
857 1856 924 1917 loco
940 1865 991 1918 aut
1005 1857 1126 1930 ordine,
1149 1856 1200 1918 sed

165 1977 187 2027 1.
207 1973 346 2037 offecerat,
366 1973 415 2024 wie
433 1971 464 2024 de
483 1973 550 2026 deor.
567 1990 591 2027 n.
609 1972 638 2025 ll.
691 1972 755 2024 euch
774 1973 845 2024 nicht
863 1972 901 2025 als
916 1973 1073 2038 soluendis,
1091 1989 1121 2026 so
1135 1973 1200 2025 doch

131 2043 175 2105 19,
197 2044 242 2094 492
270 2041 331 2107 Ipso
357 2043 452 2092 umbro
475 2046 564 2092 cenae
587 2041 640 2092 soli
690 2055 731 2091 am
749 2039 820 2093 Ende
844 2040 889 2092 des
913 2042 929 2106 ξ
953 2045 1026 2094 unter
1043 2040 1201 2094 llmstinden

130 2107 253 2172 officiens
271 2114 375 2161 noctem
392 2107 486 2171 efficit.
690 2108 729 2160 als
739 2109 1118 2163 wdnsclrenswertbezeichnet
1128 2109 1200 2161 wird.

163 2180 187 2230 6.
206 2178 279 2228 vides
293 2170 339 2229 ‘du
359 2169 467 2230 weilst'.
690 2176 810 2244 llagegeo
823 2177 923 2229 streitet
936 2179 1014 2243 nieht,
1033 2178 1088 2230 dale
1101 2178 1201 2230 dicim

163 2246 291 2298 diviseret.
325 2245 398 2310 Iliog.
417 2245 443 2297 L.
457 2245 487 2297 X.
503 2248 563 2299 127:
581 2243 640 2297 τῶν
691 2245 828 2311 folgenden
846 2245 1043 2313 nurBeispiele
1062 2247 1106 2299 der
1124 2247 1202 2298 awei-

130 2312 291 2381 dmdvpau'rv
320 2310 351 2364 αἱ
369 2316 421 2380 μέν
443 2313 496 2365 εἰσι
519 2316 639 2382 worout,
691 2313 915 2366 tendrtanlialtrt:
929 2314 1136 2367 solchemulsteu
1149 2315 1201 2366 ihm

130 2379 160 2433 αἱ
176 2377 206 2433 dd
223 2386 314 2444 κεναί,
332 2385 377 2432 καὶ
394 2381 454 2433 τῶν
471 2381 595 2452 φυσικῶν
613 2380 644 2433 αἱ
693 2381 772 2433 nither
788 2381 882 2448 liegen,
901 2397 976 2436 wenn
991 2399 1018 2435 cr
1030 2383 1071 2437 dle
1082 2382 1203 2450 Beheup-

129 2444 642 2586 ttlttctt‘ctltctdu
693 2451 1142 2573 tlttftrdttcttttctdf
1156 2467 1202 2572 13

130 2577 641 2704 tractereturtrater:
693 2584 1203 2707 triturarentur,latter

130 2725 203 2782 σίαν,
217 2669 253 2770 ae?
258 2714 288 2769 dd
299 2669 366 2788 aggeo
378 2713 446 2770 αὐτὸ
454 2672 484 2772 pa
497 2720 554 2786 ζῆν.
580 2670 641 2784 deul.
693 2690 854 2783 werlen,'im
878 2720 1010 2773 einzelnen
1033 2721 1124 2786 hereb,
1143 2722 1203 2774 aber

131 2787 198 2840 auch
215 2788 247 2839 de
262 2785 305 2837 lin.
317 2786 335 2838 1.
350 2786 390 2851 13,
402 2788 434 2838 45
452 2789 504 2839 und
521 2787 549 2839 ll.
562 2790 587 2852 9,
600 2789 642 2841 26.
694 2786 1204 2855 sucheusichdleselbendocltgelegeut·

165 2859 189 2908 9.
207 2857 307 2906 nihilo:
326 2854 406 2906 durch
417 2855 458 2906 ein
472 2855 571 2921 Nicias,
588 2871 643 2907 ver·
694 2854 746 2907 liclr
758 2870 789 2906 zu
802 2855 968 2908 verschaffen.
1002 2856 1111 2922 Cepione
1122 2859 1156 2909 ist
1169 2881 1203 2901 ==

132 2923 254 2978 selriedeu
272 2937 321 2974 von
334 2923 410 2974 nulla
422 2940 464 2975 re:
485 2923 565 2975 durch
581 2923 643 2976 keiu
694 2921 851 2983 facultatem
874 2923 934 2990 (egl.
952 2925 969 2992 ᾖ
987 2927 1037 2989 99),
1078 2913 1203 2991 Ubrigens

131 2992 261 3045 einzelnen
285 2990 364 3057 Dium
389 2993 442 3057 egl.
459 2991 488 3044 ll.
507 2994 531 3056 2,
549 2996 583 3045 5:
607 2992 643 3044 od
694 2992 729 3043 ist
745 2993 778 3057 (o)
800 3008 883 3058 oeque
899 3022 933 3031 -
955 2998 1138 3044 conteneantur
1162 2994 1203 3046 eiu

130 3061 245 3112 nihilum
262 3063 383 3111 ventura.
693 3059 852 3112 Hexameter.

168 3132 207 3183 13.
225 3131 405 3193 attingerent:
422 3144 455 3181 zu
467 3127 580 3180 schellen
598 3127 643 3180 lia-
730 3131 770 3180 16.
788 3132 814 3178 et
831 3130 956 3180 obscenae
973 3129 1129 3196 voluptates.
1154 3127 1205 3182 Der

131 3198 182 3249 ben
200 3197 246 3248 mit
257 3225 299 3260 -,
317 3197 442 3262 angeheri.
472 3194 531 3262 Vgl.
544 3195 575 3248 de
589 3196 641 3262 leg.
693 3195 814 3248 Gedanlie
832 3201 858 3248 et
875 3199 1000 3249 obscenae
1011 3200 1162 3264 voluptates
1179 3203 1206 3249 et

130 3265 159 3317 ll.
169 3268 192 3328 5,
204 3267 247 3319 13:
260 3266 346 3316 multa
352 3263 481 3330 pestifere
489 3268 641 3316 ediscuntur
692 3263 922 3329 magnificentiam
938 3282 970 3318 oc
981 3271 1102 3332 sumptus
1114 3267 1204 3333 epulo·

131 3337 161 3384 ire
176 3333 294 3400 populis,
312 3349 380 3398 quae
396 3348 452 3384 noo
469 3336 557 3398 magis
574 3334 642 3398 legia
691 3348 752 3383 rum
770 3337 918 3385 eetenuant
930 3334 994 3386 wird
1014 3335 1040 3386 in
1052 3335 1150 3386 seinem
1162 3349 1205 3386 cr·

131 3417 227 3452 nemen
236 3403 383 3466 attingunt,
396 3404 511 3466 quamsi
523 3403 641 3453 latrorwe
693 3406 765 3453 sten
787 3400 860 3454 Teile
882 3403 972 3454 weiter
994 3416 1203 3468 ausgesponuem

131 3470 237 3536 aliquae
249 3485 371 3520 consessu
379 3471 586 3521 succurrerint.
603 3469 641 3521 Zu
693 3468 773 3521 daher
791 3468 897 3535 begiunt
915 3473 946 3523 97
965 3470 1006 3521 die
1019 3468 1203 3522 Konstrulrtion

130 3536 255 3599 funditur
278 3539 412 3589 eiciendos
431 3537 483 3603 vgl.
503 3537 520 3590 l.
541 3539 581 3600 18,
599 3539 642 3590 tc
692 3553 743 3589 von
760 3551 861 3590 neuem.

167 3608 207 3660 15.
223 3622 337 3670 quarum
346 3609 642 3672 generanoncontem·
726 3606 856 3656 moltc-
870 3609 966 3657 watto.
996 3604 1031 3656 Sc
1050 3605 1082 3658 de
1100 3610 1164 3661 erat.
1176 3606 1205 3660 11.

130 3677 207 3728 nunt.
225 3671 274 3724 Der
284 3674 426 3740 Gegensatz
437 3689 470 3725 zu
480 3673 529 3725 den
538 3673 642 3725 vorher·
693 3676 735 3738 53,
754 3676 816 3727 214:
834 3674 919 3725 multa
931 3677 1046 3726 etruria
1059 3678 1204 3740 etcopiose

132 3741 265 3808 gehenden
277 3741 396 3795 Worten:
410 3741 535 3803 funditus
546 3745 642 3793 nden-
693 3744 790 3796 oratic.

131 3811 180 3861 doe
194 3814 302 3876 potavit
320 3810 403 3876 ndtigt
421 3825 452 3861 an
472 3809 512 3862 dle
524 3809 641 3862 beiden
728 3812 768 3861 17.
787 3807 879 3870 facille
894 3804 984 3861 ‘leicht
1002 3803 1160 3864 erreichbar'.

131 3885 218 3929 zuerst
230 3883 373 3943 genannten
387 3877 465 3928 Arten
483 3893 514 3929 zu
533 3878 642 3942 denken‚
729 3880 769 3930 18.
779 3892 888 3943 gereere:
902 3876 1055 3930 Geschlecht
1067 3878 1204 3946 (Familie);

132 3961 182 3997 von
201 3945 284 3996 dener
302 3946 367 3997 auch
385 3947 425 3997 die
443 3947 544 4012 zweite,
566 3961 642 3998 wenu
695 3945 767 3997 locos
784 3947 836 3997 und
855 3945 932 3996 ordo:
955 3944 1029 4014 Rang
1046 3947 1099 4000 und
1116 3947 1204 4002 Stand.

1211 810 1250 866 88

1221 891 1251 942 33
