2804 4474
556 221 650 276 uren
667 221 705 275 ur.
726 224 816 289 reae.
1186 224 1225 284 τι

150 392 271 464 sistere,
292 411 361 453 cum
384 393 453 472 qnid
486 394 526 456 ita
546 393 640 456 visum
658 394 711 468 sit,
733 401 766 454 ut
787 411 926 473 magnum
949 393 1096 474 quoddam
1117 395 1228 456 malum

151 479 253 539 adesse
269 486 300 538 et
314 496 422 558 urgere
437 478 578 542 videatur.
607 479 738 558 Epicuro
754 487 852 540 antem
863 480 959 559 placet
970 479 1143 559 opinionem
1159 480 1228 540 mali

151 563 369 646 aegritudinem
391 582 455 625 esse
476 573 597 637 natura,
622 573 656 624 ut
677 563 857 642 quicumque
884 564 1035 626 intueatur
1055 565 1085 626 in
1109 565 1229 644 aliquod

152 648 246 709 mains
257 647 376 724 malurn,
392 647 417 708 si
432 648 460 710 id
476 647 534 710 sihi
548 649 688 710 accidisse
710 647 860 727 opinetur,
874 649 912 710 sit
926 650 1070 711 continuo
1086 649 1116 710 in
1133 649 1229 729 aegri-

114 747 129 798 5
151 732 265 795 tudine.
297 732 450 812 Cyrenaici
472 753 534 795 non
559 733 641 794 omni
663 733 740 794 malo
765 734 981 813 aegritudinem
1001 734 1078 796 ellici
1095 744 1228 808 censent,
1256 747 1282 814 p

152 818 204 879 sed
228 817 380 897 insperato
397 827 427 879 et
442 819 620 898 necopinato
636 819 724 879 malo.
753 817 806 878 Est
821 818 849 879 id
866 819 986 898 quidem
1002 839 1063 881 non
1079 819 1230 880 mediocre

152 903 188 964 ad
202 902 419 982 aegritudinem
432 903 613 982 aagendam
628 902 767 964 videntur
782 903 860 964 enim
878 903 978 966 omnia
989 904 1147 985 repentina
1161 922 1229 984 gra-

150 987 243 1049 uiora.
275 987 318 1048 Ex
340 989 398 1048 hoc
413 996 444 1049 et
458 988 505 1050 illa
520 989 586 1050 inre
601 987 773 1050 laudantur:

194 1051 253 1152 Ilpa
268 1091 334 1134 nem
347 1076 442 1152 qenai,
457 1076 519 1135 tirrn
533 1077 691 1136 morituros
705 1076 779 1134 arici
791 1084 818 1134 et
833 1075 861 1134 ei
875 1077 921 1136 rei
933 1074 1046 1137 chami.

101 1171 129 1222 10
195 1155 347 1218 Ρντὲττνιτ
362 1157 400 1218 ad
418 1155 534 1220 Troidrn
549 1177 613 1220 cum
627 1162 695 1220 misi
709 1158 743 1220 od
759 1157 967 1235 discedendum
984 1157 1142 1231 daritiam,

196 1240 310 1304 Scidarn
325 1261 370 1304 ane
386 1246 418 1304 in
432 1245 619 1322 mortiferam
633 1243 747 1316 bellurn,
761 1245 821 1304 ndn
837 1245 869 1304 in
885 1242 983 1323 epulas
997 1249 1137 1306 mittere·
1247 1287 1285 1342 14

238 1326 318 1388 Haeo
341 1327 434 1407 igitur
448 1327 671 1408 praemeditatio
692 1329 861 1390 futurorum
879 1328 1023 1388 malornm
1037 1327 1111 1390 lenit
1126 1345 1229 1388 eorum
1253 1369 1283 1420 le

151 1413 319 1485 adventum,
336 1429 411 1490 quae
426 1413 576 1474 venientia
591 1412 680 1492 longe
695 1423 764 1474 ante
779 1412 893 1474 videris.
926 1411 1027 1491 ltaque
1049 1411 1127 1492 apud
1143 1411 1231 1472 Euri-

151 1496 243 1576 piden
259 1515 275 1556 a
291 1496 406 1558 Theseo
422 1497 498 1559 dicta
514 1497 673 1560 laudantur
679 1517 688 1574 ;
704 1498 773 1560 licet
787 1497 878 1571 enim,
893 1506 927 1559 ut
944 1515 1031 1576 saepe
1050 1496 1183 1570 iacimus,
1199 1496 1231 1558 in

152 1581 292 1642 Latinum
309 1581 358 1642 illa
374 1592 564 1644 convertere:

186 1685 211 1736 1.
228 1681 268 1731 ita
280 1683 366 1732 nahum
379 1683 425 1746 rit,
442 1686 518 1732 at-
532 1682 666 1734 uideatur.
718 1679 916 1746 memhrgldll.
926 1682 1007 1743 1,2au
1013 1684 1234 1745 annuntiaremus.

151 1747 209 1814 Vgl.
227 1747 260 1800 de
279 1753 342 1801 orat.
365 1747 404 1805 lll.
424 1752 465 1814 10,
481 1751 528 1802 39:
549 1749 597 1800 rad
613 1753 667 1800 nai-
754 1753 794 1802 10.
819 1751 851 1800 ad
868 1747 1061 1809 defendendam
1086 1747 1234 1800 Graeciam.

152 1819 215 1868 nte
227 1819 333 1881 (verbis)
344 1821 385 1868 ita
395 1821 498 1884 poterit
513 1819 565 1882 uli,
583 1817 667 1868 lectis·
719 1817 754 1869 So
773 1817 839 1868 anah
857 1833 882 1886 p.
898 1814 962 1869 Mur.
982 1820 1005 1880 1,
1020 1820 1046 1870 l:
1066 1819 1098 1867 ob
1117 1817 1234 1866 eiusdem

150 1887 225 1936 rimie
242 1889 275 1936 nt
290 1891 394 1938 utatur.
719 1888 834 1936 hominia
857 1885 1026 1936 comiatum
1049 1884 1232 1946 obtinendum

185 1957 209 2006 3.
227 1958 328 2004 natura
346 1945 405 2005 ‘mit
426 1952 668 2018 Natnrnotwendig·
719 1953 781 2005 Sall.
798 1953 853 2018 lag.
867 1955 908 2018 89,
927 1954 957 2005 2:
976 1954 1008 2004 ab
1020 1968 1083 2003 eaor
1099 1953 1234 2004 tutandos.

151 2013 223 2084 leti,
240 2021 294 2086 rgl.
312 2023 382 2086 §31-
417 2020 502 2074 Damit
518 2022 553 2074 ist
565 2021 666 2073 sowohl
756 2025 795 2075 ll.
814 2021 929 2074 Scibam.
963 2018 1039 2073 Diese
1062 2019 1236 2073 hontrahierte

152 2089 196 2142 der
220 2088 365 2154 Gegensata
392 2105 474 2156 gegen
498 2090 539 2143 die
563 2088 666 2142 Stoiker
716 2088 791 2141 Form
803 2089 850 2141 dee
866 2087 1018 2170 lmperlehts
1035 2089 1134 2140 kommt
1146 2088 1172 2140 in
1190 2089 1236 2140 der

150 2157 316 2222 bezeichnet,
341 2157 439 2209 welche
460 2159 506 2211 dae
524 2157 666 2210 Entetehen
718 2158 814 2210 illeren
832 2155 1060 2222 Latiurtithinllg
1085 2156 1145 2208 aber
1169 2157 1235 2208 anch

150 2226 345 2289 deraegritudo
352 2224 430 2277 durch
441 2225 482 2278 die
490 2225 667 2296 Znstimmnng
719 2227 786 2279 noch
804 2225 846 2278 bei
864 2224 942 2291 Verg.
961 2227 1024 2278 Aen.
1045 2224 1095 2277 Vll.
1113 2226 1162 2278 485
1181 2224 1233 2276 und

151 2293 197 2346 des
214 2293 354 2345 Mensehen
373 2293 479 2360 bedingt
497 2293 552 2346 sein
570 2294 667 2357 lescen,
718 2294 795 2360 Prop.
812 2293 830 2346 l.
849 2295 872 2356 3,
886 2296 919 2346 25
936 2308 991 2346 vor.

151 2377 171 2414 a.
189 2377 222 2413 au
240 2362 310 2427 525,
323 2360 361 2413 als
379 2362 445 2413 anah
461 2376 544 2428 gegen
565 2361 607 2414 die
619 2361 669 2427 Gy·
757 2365 795 2415 13.
814 2362 901 2428 longe,
919 2352 1107 2426 nicht‘lenge’,
1124 2360 1235 2413 sondern

150 2428 282 2491 renuiter,
311 2429 376 2480 nach
401 2428 477 2482 deren
497 2429 605 2481 Ansicht
631 2429 669 2482 sie
716 2423 776 2484 ‘ans
795 2430 886 2482 weiter
903 2421 1006 2481 rerne'.

150 2497 296 2562 uberhaupt
314 2497 384 2548 nicht
403 2497 482 2550 durch
494 2498 552 2558 eine
565 2499 666 2564 opinio,
753 2499 828 2564 apud
843 2496 997 2564 Euripiden
1014 2495 1077 2560 (egl.
1095 2493 1113 2546 1.
1132 2496 1174 2558 26,
1187 2498 1234 2550 65:

151 2565 225 2618 eond.
243 2563 410 2616 unmittelber
431 2565 510 2618 durch
528 2565 570 2617 dle
587 2563 668 2631 Dinge
722 2565 910 2633 Ganymeden),
928 2565 955 2616 in
972 2564 1069 2616 seinem
1086 2556 1235 2615 ‘Theseus'.

150 2633 235 2686 selbot
247 2633 446 2698 hervorgernlen
459 2633 532 2686 wind.
562 2631 610 2684 llil
621 2631 670 2684 Be·
720 2634 788 2686 Plut.
801 2632 904 2684 Consol.
917 2632 950 2684 ad
960 2630 1047 2699 Apoll.
1063 2647 1088 2697 p.
1103 2632 1151 2682 112
1164 2631 1236 2696 gieht

151 2717 202 2768 aug
221 2700 321 2752 hieranl
337 2700 413 2752 hellel
431 2715 460 2753 ee
477 2703 493 2766 ᾗ
511 2705 558 2756 31:
577 2702 670 2752 nmat-
721 2702 768 2753 dac
786 2700 899 2820 Original
920 2699 1004 2764 (llind.
1026 2698 1116 2778 lragm.
1134 2713 1160 2762 p.
1178 2701 1235 2763 93):

152 2785 203 2836 que
221 2768 311 2818 iudico
329 2769 430 2820 malum
446 2769 516 2820 iilud
534 2770 669 2835 opinionis
756 2766 810 2838 ἐγώ
840 2769 854 2818 ὲ
869 2767 951 2818 τοῦτο
963 2784 1041 2847 napa
1059 2765 1145 2831 σοφοῦ
1163 2780 1237 2816 τινος

152 2836 671 2958 gdhdrdlnod‘h'ddrmddztiirddde'ddtdldlildllie'
757 2903 793 2957 eie
811 2833 1042 2983 ppomctdfflo
1059 2895 1200 2970 συμφοράν
1210 2897 1236 2953 τ’

153 2971 672 3037 Becchallenheitderepinionnddleda·
928 2965 1092 3036 ἐβαλλομην,

154 3041 235 3093 durch
253 3038 376 3106 hedingte
394 3039 606 3107 Notwendigheit
627 3040 672 3091 be·
762 3035 848 3111 φυγάτ
872 3033 902 3090 τ’
931 3037 1041 3103 ἐμαυτῷ
1072 3035 1236 3104 προστιθεὶς

152 3109 282 3161 reiehnet.
928 3103 1036 3190 adapes
1053 3105 1124 3171 ἐμῆς,

196 3179 220 3229 5.
249 3175 407 3242 Cyrenaici,
434 3190 454 3227 ε.
477 3174 505 3229 ll.
526 3176 552 3241 6,
578 3177 609 3228 15
640 3191 672 3227 zu
758 3171 900 3227 θανάτους
914 3168 941 3226 τ’
961 3166 1065 3244 ἄωρονε
1081 3177 1127 3224 καὶ
1145 3173 1241 3226 κακοῖν

154 3246 321 3309 Aristippus.
929 3237 1012 3294 ittae
1029 3237 1116 3322 o‘dgaia,

188 3315 217 3366 8.
245 3315 273 3361 at
294 3311 344 3361 itta
367 3333 402 3354 =
426 3312 508 3362 eiiam
530 3311 592 3372 uim
620 3309 672 3362 wie
758 3305 802 3374 ais,
819 3308 848 3361 εἴ
861 3329 889 3363 τι
907 3304 1040 3376 πάσχοτμ’
1055 3327 1097 3360 ων
1109 3304 1241 3373 ἐδόξαζόν

153 3381 195 3434 lt.
225 3381 267 3444 34,
293 3379 443 3432 '13:Prode
464 3383 490 3429 at
509 3379 563 3430 iiie.
598 3376 672 3429 ludes
929 3396 1005 3442 noae,

153 3449 236 3501 findet
248 3446 303 3497 sich
322 3446 394 3498 diese
411 3445 565 3512 Bedeutnng
583 3461 634 3497 von
647 3450 674 3496 at
758 3441 796 3512 μή
812 3463 859 3513 μοι
870 3449 984 3516 νέορτον
995 3441 1157 3524 προσπεσὸν
1173 3439 1241 3510 μᾶλ-

156 3517 198 3569 bei
211 3515 300 3567 Cicero
313 3529 361 3566 nnr
373 3515 456 3567 selten
474 3514 527 3566 und
543 3529 614 3565 awar
626 3529 673 3565 nur
930 3510 979 3565 lov
1000 3508 1087 3563 danna.

156 3599 205 3637 vor
222 3583 305 3636 einem
325 3579 477 3635 Pronomen.
764 3583 956 3637 intentantur.
970 3577 1241 3632 Welchererisehen-

190 3656 214 3705 9.
239 3651 299 3716 Ego
324 3665 385 3700 cum
406 3655 455 3702 cet.
490 3648 562 3701 Nech
581 3651 622 3714 24,
642 3646 674 3702 58
727 3650 844 3715 gedanke
866 3650 900 3702 ist
916 3664 949 3699 an
967 3646 1132 3715 supplieren‘l
1155 3646 1191 3698 Zu
1209 3649 1242 3698 in

155 3719 212 3772 sind
241 3733 269 3770 es
295 3715 384 3770 Worte
408 3718 455 3770 des
478 3716 602 3770 Telamon
629 3732 675 3768 aas
727 3717 854 3769 Latinum
873 3719 1026 3768 convertero
1041 3714 1093 3780 rgl.
1112 3714 1143 3766 de
1155 3714 1199 3765 oll.
1212 3713 1242 3768 ll.

155 3777 430 3852 Ennina’‘'l'elamon'‚
450 3786 491 3837 bei
504 3786 575 3838 einer
591 3783 675 3837 Nach-
727 3787 776 3850 24,
801 3787 848 3838 87:
874 3800 951 3849 quere
974 3782 1094 3849 (librum)
1115 3798 1164 3833 nor
1179 3811 1214 3820 -
1228 3800 1245 3832 e

155 3855 222 3908 ricln
239 3869 293 3906 ron
311 3853 357 3906 dee
375 3855 442 3919 Ajax
461 3852 540 3905 roae.
729 3853 830 3905 Graeco
847 3857 877 3902 in
894 3851 1024 3902 Latinum
1047 3853 1241 3910 annuntiatam

191 3926 216 3973 ei
233 3926 283 3986 rei,
307 3921 396 3975 heides
415 3921 543 3988 einsllbig.
576 3919 674 3988 Wegen
726 3935 756 3974 so
769 3922 811 3973 bei
822 3919 963 3981 Quintilian
976 3917 1063 3986 hiuflg
1075 3917 1240 3983 ohneSubst.
