2804 4474
182 251 222 312 86
529 249 624 304 unm
640 248 682 308 w.
701 252 795 318 naso.
813 253 907 317 asoa,

182 423 347 489 Ca'rncades
367 423 497 498 solebat,
519 432 620 484 metuo
642 441 680 484 ne
700 422 756 484 soli
776 422 944 502 philosophi
966 422 1036 483 sint.
1073 421 1156 493 Quae
1178 422 1259 483 enim

180 512 302 574 istarum
317 510 525 572 definitionum
541 527 602 569 nou
618 508 714 588 aperit
729 509 880 570 nationem
897 515 1047 581 nostram,
1063 526 1152 586 quam
1166 507 1259 568 babe-

180 615 246 659 mus
261 614 365 658 omncs
380 595 417 656 de
432 594 607 656 fortitudine
621 602 731 655 tectam
753 602 841 674 atque
861 590 1046 654 involutam‘l
1075 611 1134 672 qua
1155 603 1258 673 aperta

181 682 246 761 quis
269 690 314 743 est
336 679 387 760 qui
408 688 460 742 aut
481 679 617 741 bellatori
638 687 689 740 aut
715 679 889 758 imperatori
919 686 969 739 aut
996 679 1107 739 oratori
1135 687 1259 757 quaerat

179 766 288 847 aliquid
305 784 404 845 neque
426 784 477 827 eos
492 765 649 826 existumet
662 764 729 825 sine
744 764 825 826 rabie
849 764 1007 843 quicquam
1028 764 1144 825 fortiter
1158 765 1258 826 facere
1280 771 1296 820 5

127 865 157 916 54
178 849 288 933 posse?
318 848 419 923 Quid‘l
448 850 549 923 Stoici,
565 849 616 928 qui
633 849 730 911 omnis
743 849 913 930 insipientis
927 849 1049 911 insanos
1064 868 1128 911 esse
1143 849 1257 922 dicum,

179 955 282 999 nonne
296 937 351 998 ista
367 933 544 1013 conligunt?
572 934 700 996 Remove
720 934 960 1015 perturbationes
981 952 1178 1014 maxumeque
1199 934 1257 995 ira·

179 1021 334 1094 cundiam,
361 1021 417 1083 iam
432 1020 613 1082 videbuntur
634 1028 767 1081 monstra
789 1020 896 1082 dicere.
926 1019 1013 1081 Nunc
1028 1028 1126 1081 autem
1142 1020 1182 1081 ita
1197 1019 1257 1081 dis·

179 1115 294 1180 serunt,
309 1106 352 1168 sic
367 1125 399 1168 se
415 1106 513 1167 dicere
529 1106 627 1166 omnis
641 1105 747 1167 stultos
762 1105 909 1179 insanire,
925 1115 959 1166 ut
972 1105 1047 1165 male
1066 1105 1146 1167 olere
1167 1123 1256 1166 omne

178 1210 312 1254 caenum.
352 1192 389 1252 At
411 1210 472 1253 uon
495 1208 622 1270 semper.
660 1190 834 1265 Commove,
858 1190 979 1254 senties.
1024 1190 1072 1252 Sic
1095 1191 1256 1252 iracundus
1279 1194 1307 1246 ιι

178 1297 240 1340 non
262 1295 381 1357 semper
402 1277 495 1338 iratus
516 1284 575 1351 est;
597 1275 725 1346 lacesse,
747 1276 806 1337 iam
826 1275 937 1337 videbis
958 1277 1117 1336 furentem.
1154 1273 1257 1346 Quid?

177 1363 231 1425 ista
245 1362 379 1424 bellatrix
395 1361 556 1434 iracundia,
572 1379 642 1423 cum
657 1362 778 1423 domum
790 1361 886 1436 rediit,
902 1361 997 1440 qualis
1012 1369 1058 1422 est
1068 1379 1138 1423 cum
1151 1378 1255 1433 uxore,

177 1466 246 1509 cum
260 1447 376 1522 liberis,
398 1465 467 1509 cum
481 1444 613 1507 familia‘l
642 1465 679 1507 an
695 1454 759 1508 tum
775 1465 896 1527 quoque
911 1455 956 1508 est
969 1444 1071 1508 utilis?
1097 1446 1151 1507 Est
1165 1446 1256 1524 igitur

175 1533 302 1612 aliquid,
326 1533 406 1612 quod
421 1531 593 1612 perturbata
614 1550 700 1594 mens
714 1531 820 1594 melius
841 1532 936 1612 possit
955 1533 1053 1593 facere
1075 1549 1164 1610 quam
1181 1550 1255 1593 oon·

175 1615 279 1680 stans?
319 1636 356 1679 au
380 1619 535 1698 quisquam
559 1625 658 1697 potest
679 1617 745 1679 sine
766 1617 990 1698 perturbatione
1013 1617 1121 1678 mentis
1144 1613 1254 1678 irasci?
1278 1618 1305 1667 15
1386 1629 1387 1634 ’

175 1703 257 1766 Bene
279 1703 369 1783 igitur
391 1703 503 1777 nostri,
526 1721 594 1764 cum
618 1703 716 1763 omnia
741 1704 891 1764 essentia
915 1703 1044 1764 moribus
1064 1701 1150 1776 vitia,
1174 1701 1253 1780 quod

176 1789 291 1851 nullum
306 1797 369 1850 erat
384 1788 536 1850 iracundia
553 1788 683 1862 foedius,
705 1788 864 1849 iracundos
879 1787 958 1850 solos
972 1805 1099 1872 morosos
1115 1788 1255 1848 nomina·

174 1882 291 1936 verunt.

123 1935 162 1994 25
260 1959 417 2021 Oratorem
432 1976 502 2020 vero
517 1958 604 2021 irasci
619 1958 742 2020 minime
757 1956 859 2033 decet,
879 1957 1017 2020 simulare
1043 1975 1103 2018 non
1120 1957 1253 2019 dedecet.

123 2017 152 2068 ⁵⁵
174 2047 220 2105 An
235 2044 288 2106 tibi
304 2045 389 2106 irasci
404 2053 467 2106 tum
483 2044 630 2118 videmur,
652 2062 721 2105 cum
741 2042 813 2123 quid
827 2043 858 2104 in
881 2043 979 2104 causis
1001 2042 1099 2104 acrius
1115 2052 1145 2104 et
1164 2044 1253 2105 rebe·
1273 2043 1303 2093 ²0

173 2159 427 2222 Licetimectemur,
440 2165 569 2226 quantum
582 2161 632 2211 uir.
650 2157 686 2212 So
739 2158 792 2210 uud
813 2159 917 2225 anigen,
940 2158 998 2210 dala
1021 2167 1074 2210 nur·
1092 2157 1136 2210 der
1157 2158 1254 2224 Weiss,

174 2229 206 2281 de
223 2229 274 2295 leg.
292 2227 329 2280 lll.
349 2231 390 2294 10,
408 2229 455 2279 24:
480 2228 601 2294 quamuis
624 2243 686 2278 cou-
738 2226 911 2280 welcherron
924 2225 972 2278 deu
983 2225 1253 2281 beidenscbalteulrei

173 2311 258 2347 meres
279 2296 378 2348 multos
402 2295 465 2346 licet
486 2320 521 2342 ε
542 2296 606 2345 licet
622 2311 688 2346 σηιι-
739 2296 782 2360 ist,
800 2295 842 2347 ein
855 2295 954 2348 wabrer
966 2295 1080 2346 bellator
1092 2310 1116 2348 ιι.
1128 2311 1149 2348 s.
1159 2311 1194 2348 ιι.
1207 2299 1254 2349 sei.

173 2380 266 2429 mma,
279 2378 359 2428 quom
371 2365 528 2415 multosoir.
556 2362 606 2414 llas
620 2361 687 2415 Sub-
772 2362 1252 2482 Betooun-videbuntumiwbd:

170 2430 231 2497 jekt
242 2447 275 2483 zu
286 2434 447 2483 imectemur
465 2430 521 2484 sind
533 2429 575 2483 die
587 2430 689 2484 Akade·
739 2435 827 2483 tractu
845 2459 878 2470 —
895 2432 1043 2496 intcdegcs.
1060 2430 1136 2484 Sion:
1190 2432 1252 2486 ollte

174 2499 264 2562 milxer,
282 2502 347 2550 istos
364 2499 405 2551 die
423 2498 534 2552 Stcilaer.
738 2514 798 2551 man
821 2498 862 2552 die
884 2498 1096 2552 Leideuscbaiteu
1122 2500 1175 2552 und
1199 2501 1252 2554 ins-

209 2571 233 2622 1.
257 2568 414 2633 demendas,
437 2583 457 2622 s.
476 2582 509 2618 zu
526 2567 564 2620 lll.
582 2571 625 2633 22,
643 2571 684 2622 54.
736 2567 880 2620 besondere
903 2567 944 2619 die
967 2569 1112 2620 iracundia
1137 2583 1183 2620 aus
1206 2569 1252 2622 der

173 2635 232 2703 Vgl.
250 2635 282 2688 de
300 2635 369 2689 deor.
387 2651 412 2688 ιι.
430 2635 458 2688 ll.
477 2637 518 2701 65,
538 2639 600 2689 162:
620 2636 685 2689 Oar-
736 2634 835 2687 Rubrilx
852 2638 960 2688 insanio
979 2635 1116 2699 streicben,
1134 2651 1164 2688 so
1181 2639 1251 2690 wire

172 2705 270 2756 nendos
294 2704 415 2756 lubenter
439 2707 469 2756 ιἰι
487 2703 591 2758 Stoicos
612 2707 685 2756 inoe-
733 2705 809 2769 Jener
826 2703 886 2756 Sata
906 2704 951 2756 der
969 2702 1073 2756 Stoiker
1091 2703 1197 2758 Unsinn.

173 2775 293 2826 bebatur.
771 2773 795 2824 8.
813 2777 935 2824 monstra
953 2773 1041 2823 dicero
1053 2774 1178 2838 <aunum
1197 2773 1266 2828 und*

206 2846 294 2892 metuo
312 2857 391 2892 no-
405 2843 460 2891 siut
473 2833 588 2893 ‘duriter
605 2840 710 2893 leichts
737 2840 812 2906 dubl:
830 2843 911 2892 etwas
926 2839 1110 2907 [lugereimtea
1122 2841 1248 2894 Albemes

172 2937 206 2947 -
223 2901 300 2963 sein'.
329 2907 389 2960 blan
404 2908 480 2974 siebt‚
492 2909 543 2961 wie
561 2908 621 2961 sehr
633 2909 684 2965 Cic.
737 2923 829 2974 segem
842 2908 979 2960 melrrmals
988 2909 1015 2961 in
1025 2909 1128 2962 (liceras
1137 2908 1249 2963 Brieleu.

171 2975 322 3029 Eklektilxer
333 2976 376 3028 ist
404 2974 476 3029 llben
488 2977 555 3028 noch
573 2977 644 3029 hatte
656 2993 684 3030 er
769 2975 850 3028 Nunc
867 2982 965 3041 autom,
985 2991 1006 3028 s.
1024 2993 1056 3029 zu
1072 2976 1111 3031 llL
1131 2980 1154 3043 1,
1174 2981 1198 3031 2.

172 3044 227 3097 sicb
244 3059 277 3096 uu
295 3043 344 3095 den
362 3041 444 3096 Akad.
462 3045 610 3110 gerecbnet.
771 3047 811 3098 10.
831 3045 977 3110 Commune,
995 3059 1032 3097 sc.
1051 3061 1172 3097 caenum.

207 3114 231 3164 2.
248 3114 385 3163 notionem
402 3139 436 3150 -
453 3113 610 3166 inuolutam.
646 3112 681 3166 So
769 3115 811 3165 12.
823 3113 1030 3178 cum—rediit,
1049 3129 1068 3165 s.
1082 3114 1249 3180 rublum:

172 3178 242 3232 Orat.
253 3181 293 3244 33,
304 3180 367 3236 116:
382 3179 518 3231 involutae
530 3184 571 3232 rei
581 3184 681 3233 notitia
732 3183 813 3246 posui
824 3180 876 3233 und
889 3181 940 3248 vgl.
959 3197 990 3233 au
1005 3180 1034 3236 V.
1042 3185 1083 3247 25,
1096 3185 1140 3235 ld:
1161 3184 1251 3235 conlo-

172 3246 324 3310 daflnieadc
342 3248 488 3314 apariendo
506 3254 553 3301 est.
736 3253 834 3301 catum.
944 3243 956 3270 ⁴

206 3319 230 3368 4.
249 3319 347 3381 qui-
365 3321 478 3383 quaml
500 3318 606 3384 aliquid
625 3310 682 3369 ‘der
769 3320 809 3369 17.
828 3332 956 3380 morosos,
974 3318 1091 3383 cigenti:
1102 3310 1167 3370 ‘von
1181 3320 1249 3385 eige-

172 3384 213 3436 ldr
230 3411 264 3423 ·-
285 3384 352 3437 noch
377 3389 459 3438 etwas
477 3383 603 3438 Weiteres
627 3400 684 3437 ver·
734 3400 793 3438 nem
806 3383 965 3449 dbaralxter’,
980 3385 1058 3438 daher
1068 3379 1247 3454 ‘eigensinniffi

171 3444 269 3518 lange,
287 3469 373 3518 nequo
386 3456 530 3505 euictumat
541 3457 683 3520 quicquum
734 3445 868 3506 launisch’.
904 3452 965 3506 Seu.
983 3454 1015 3506 de
1032 3455 1068 3506 ira
1086 3453 1104 3509 l.
1122 3458 1153 3508 4:
1178 3459 1249 3507 inter

171 3544 205 3564 =
223 3523 416 3587 ooeistumetque
433 3523 509 3573 nibil.
736 3524 783 3573 boa
809 3522 975 3588 (iracundos)
999 3537 1136 3575 morosum
1161 3538 1248 3589 ponas

206 3589 231 3643 d.
268 3592 354 3640 omnia
384 3591 538 3656 incipientes
566 3592 684 3640 insanos.
736 3592 805 3656 licet,
824 3589 968 3642 delicatum
985 3591 1144 3643 iracundiae
1152 3607 1246 3656 genua.

166 3647 228 3708 Ὅτι
252 3656 307 3709 nde
330 3653 427 3728 ἄφρων
454 3661 591 3726 μαίνεται.
625 3655 684 3722 Vgl.
772 3661 812 3713 19.
823 3659 963 3710 materam
976 3663 1034 3725 cet,
1046 3659 1093 3711 mit
1103 3657 1191 3726 Bezug
1203 3661 1249 3712 aul

172 3723 223 3776 Cic.
242 3724 332 3777 Parad.
349 3728 366 3777 4
385 3725 436 3778 und
455 3726 522 3779 oben
541 3724 579 3777 lll.
597 3728 622 3790 4,
636 3727 660 3777 9.
739 3729 778 3790 19,
794 3729 834 3780 43.
853 3726 889 3778 Ζιι
907 3729 1035 3779 emulare
1052 3726 1137 3794 suppl.
1154 3730 1247 3780 irasci.

206 3794 230 3844 7.
243 3794 295 3844 ista
308 3793 457 3859 conligunt,
470 3793 494 3846 d.
505 3793 530 3845 b.
543 3793 581 3844 aie
593 3792 685 3859 gehen,
772 3797 812 3847 20.
824 3795 868 3846 An
880 3797 1083 3848 antemonet.
1101 3795 1147 3846 mit
1158 3795 1247 3863 Bezug

172 3873 214 3911 nm
238 3858 325 3913 diesen
344 3859 404 3914 Sata
426 3877 457 3914 au
475 3861 618 3924 beweisen,
644 3860 685 3913 die
737 3861 783 3915 aul
799 3862 848 3914 den
865 3863 901 3914 im
919 3864 1025 3930 rorigeri
1044 3863 1180 3928 liegenden
1198 3863 1246 3917 Ge-

182 3930 318 3980 ·enannten
334 3927 442 3982 Klassen
461 3928 579 3983 similicb
596 3928 684 3993 durch,
738 3929 854 3983 danken:
871 3932 1001 3983 simulant
1012 3935 1142 3984 oratores.
1175 3931 1245 3986 Gana
