2804 4474
182 213 221 272 28
561 210 653 263 ttssrtt
671 210 708 262 lll.
729 213 769 275 18,
779 214 819 263 to.
829 215 872 267 tt.

224 385 327 450 Hicine
343 399 384 449 cst
399 385 447 447 illc
466 382 617 455 Tc'lomon,
631 384 715 445 modo
730 402 811 464 quem
826 381 923 463 ,torta
938 383 977 444 cd
990 383 1102 445 eaelum
1117 383 1235 456 detulit,

228 470 320 544 Quem
335 470 526 553 depecterent,
541 473 623 530 odius
638 468 673 530 ol>
688 487 719 530 os
738 467 822 530 Graii
836 471 889 528 dra
903 468 1088 530 otvnretdnt
1104 467 1183 531 suo?

128 565 158 614 to
183 557 269 629 Quod
285 558 310 619 si
325 558 387 630 cui,
408 563 442 616 ut
458 554 498 615 uit
512 554 606 628 idem,
620 553 710 614 simul
724 557 840 614 eluimus
855 572 921 614 cum
935 571 968 614 rc
982 555 1118 626 concidit,
1133 573 1151 615 a
1166 555 1271 634 gravi-

181 643 238 704 bus
254 643 310 704 iltis
331 641 460 720 antiquis
481 639 667 719 philosophis
687 639 814 719 petenda
835 639 980 700 medicine
1001 651 1062 714 est,
1085 659 1148 701 non
1164 641 1201 702 ab
1217 641 1271 704 his

181 727 362 807 voluptariis.
393 725 488 797 Quam
505 724 644 786 enituisti
658 723 807 785 bonomm
827 723 943 803 copiam
958 723 1084 786 dicunt?
1113 724 1172 787 Fac
1188 746 1267 790 sane
1295 735 1315 784 5

182 832 246 874 esse
268 829 416 872 summum
436 811 549 871 bonum
573 828 635 870 non
659 809 775 882 dolere,
805 827 982 888 quamquam
1003 810 1032 870 id
1056 830 1117 872 non
1140 821 1270 874 vocetur

180 897 332 976 voluptas,
355 897 405 958 sed
423 915 485 957 non
502 913 623 956 necesso
645 902 690 955 est
712 911 793 955 nuuc
815 894 930 970 omnim
952 895 1021 956 idne
1043 905 1103 970 est,
1125 915 1187 976 quo
1203 907 1268 958 tra-

181 982 262 1042 ducti
278 982 392 1043 luctum
408 977 559 1042 levemus?
591 979 636 1040 Sit
648 997 721 1040 sane
736 996 884 1038 summum
907 980 1016 1040 melum
1040 981 1157 1057 dolere;
1179 983 1212 1044 in
1228 1002 1265 1043 eo

180 1067 271 1145 igitur
292 1067 343 1145 qui
365 1074 504 1140 nonest,
526 1065 550 1126 si
574 1064 651 1124 malo
674 1073 788 1138 careat,
809 1064 993 1126 continuone
1014 1067 1122 1130 fruitur
1144 1086 1264 1129 summo

129 1157 158 1206 tt
180 1150 283 1212 hono‘l
313 1150 390 1223 Ouid
411 1150 657 1230 tergiversamur,
679 1148 824 1228 Epicure,
849 1169 904 1210 nec
919 1152 1045 1212 latemur
1060 1169 1126 1212 com
1146 1171 1204 1214 nos
1219 1153 1264 1214 di·
1297 1160 1331 1210 to

182 1255 250 1298 cere
265 1236 455 1316 voluptatem,
471 1253 559 1314 quum
575 1245 606 1295 tu
622 1234 699 1295 idem
716 1251 783 1294 cum
800 1253 833 1294 os
844 1235 1033 1313 perfricuisti,
1048 1237 1126 1298 soles
1141 1237 1265 1299 dicere?

181 1321 258 1383 Sunt
272 1322 346 1382 hacc
366 1329 416 1382 tua
432 1321 519 1382 verbo
536 1316 655 1381 necne?
685 1318 718 1379 ln
736 1338 771 1380 eo
794 1318 912 1396 quidem
936 1321 1030 1397 libro,
1054 1322 1105 1400 qui
1127 1323 1267 1384 continet

181 1424 300 1468 omnem
316 1405 501 1486 disciplinam
517 1416 598 1466 tuum
609 1438 651 1448 -
663 1405 771 1482 fungor
783 1403 862 1464 enirn
874 1405 931 1466 iarn
942 1406 1113 1486 interpretis
1125 1426 1266 1482 munere,

181 1511 219 1553 ne
232 1492 298 1571 quis
309 1509 356 1552 me
370 1501 454 1570 putet
467 1492 581 1568 tingere
591 1524 643 1563 -,
655 1488 729 1550 dicis
740 1481 910 1552 haecz‘Nec
923 1491 1060 1570 equidem
1071 1491 1168 1554 haheo
1181 1495 1264 1572 quod

180 1576 349 1655 intellegam
366 1575 480 1637 honum
500 1575 589 1648 illud,
611 1574 769 1634 detrahens
785 1592 834 1635 eus
855 1577 1034 1656 voluptates,
1057 1595 1133 1656 quoe
1155 1597 1265 1659 sapore
1287 1581 1322 1632 15

179 1661 405 1740 percipiuntur,
422 1661 582 1722 detrahens
598 1678 664 1733 eas,
686 1677 761 1737 qune
776 1659 877 1742 auditu
899 1661 1079 1736 econtihus,
1101 1664 1265 1724 detrahens

181 1764 229 1808 eus
245 1747 347 1820 etium,
371 1764 446 1824 quae
467 1765 502 1806 ex
517 1744 621 1806 formis
636 1743 844 1824 percipiuntur
859 1747 968 1821 oculis,
986 1747 1083 1808 suavis
1103 1749 1264 1821 motiones,

179 1915 318 1978 inquibus
333 1915 511 1978 tocprtmum
529 1916 575 1974 est,
594 1914 693 1977 inquo
746 1909 835 1975 klirst,
855 1927 883 1964 so
902 1911 959 1964 sind
977 1912 1022 1964 des
1040 1929 1088 1966 nur
1100 1914 1262 1980 Austlr'rchte,

181 1980 308 2032 admirer.
327 1980 385 2046 Vgl.
400 1979 417 2032 l.
431 1981 472 2042 21,
486 1981 518 2032 ts
532 1979 695 2045 ruglortari
746 1977 778 2030 dn
798 1978 830 2031 du
849 1994 881 2032 un
900 1980 1010 2032 anderen
1029 1981 1127 2035 Stellen
1146 1997 1175 2034 es
1194 1983 1264 2036 offen

112 2069 113 2073 ¹
181 2066 206 2102 u.
226 2048 255 2100 V.
275 2051 299 2112 9,
318 2051 351 2101 tt
368 2064 400 2100 zu
418 2064 525 2100 verare.
747 2048 871 2112 gestelrst,
890 2047 945 2100 dats
964 2049 997 2100 du
1010 2048 1049 2100 dir
1062 2049 1192 2115 duunter,
1212 2053 1262 2104 wie

217 2120 240 2170 1.
253 2118 347 2168 Hicine
361 2120 409 2168 eet.
438 2114 526 2167 Worte
539 2115 584 2167 des
597 2114 695 2167 Teucer
744 2114 818 2179 jeder
830 2115 932 2181 andere,
944 2132 990 2168 nur
1007 2117 1133 2170 sinuliehe
1143 2118 1263 2172 Geudsse

181 2199 228 2236 aus
246 2184 303 2236 dem
317 2174 488 2251 ‘Eurysaces'
507 2183 552 2234 des
569 2183 671 2235 Accius.
748 2182 854 2254 denlrst.
878 2183 961 2236 llurch
975 2185 1045 2236 idom
1057 2185 1120 2237 wird
1133 2187 1180 2238 aul
1190 2187 1263 2240 diese

215 2253 238 2304 3.
262 2268 322 2302 cum
342 2268 371 2303 re
383 2276 416 2296 ε.
429 2266 489 2302 curn
506 2267 536 2300 rc
552 2249 696 2312 familiari.
748 2250 869 2318 doppelte
885 2251 1027 2319 Erkliuung
1045 2252 1155 2321 Epilmrs
1174 2256 1264 2323 hinge-

180 2317 239 2370 Ter.
252 2319 315 2371 llun.
328 2318 356 2370 ll.
369 2321 450 2381 2,10:
463 2319 544 2369 mmet
554 2319 695 2370 conuitium
748 2319 853 2372 wiesen.

181 2403 242 2438 curn
253 2404 284 2438 rc
296 2389 403 2438 amoti?
425 2385 498 2438 Orld.
512 2385 586 2439 Pont.
598 2385 639 2438 tt.
655 2389 694 2450 tt,
782 2391 821 2441 11.
837 2401 870 2439 or
877 2386 1053 2454 perfricuisti.
1080 2391 1113 2441 Os
1124 2389 1263 2458 (frontem,

180 2457 212 2508 tt
224 2469 278 2522 sq:
745 2452 854 2520 faciem)
870 2455 966 2522 perfr,
985 2457 1123 2524 cigentliclr
1141 2459 1197 2511 sich
1216 2459 1263 2512 des

216 2522 298 2574 Credo
314 2524 398 2572 milti.-
418 2524 529 2573 miseros
550 2521 695 2587 prudentia
747 2523 851 2576 Gesiclrt
868 2525 964 2588 reiben,
988 2541 1031 2577 um
1050 2526 1129 2578 durch
1148 2527 1263 2580 Zurtielt·

380 2593 473 2656 primo
489 2591 628 2655 relinquit,
746 2591 859 2657 dringen
879 2592 924 2644 des
943 2591 1031 2645 Blutes
1050 2594 1091 2646 die
1109 2593 1263 2648 Schomrdte

214 2659 252 2710 ut
266 2674 357 2710 semus
375 2674 435 2709 cum
452 2675 483 2709 re
503 2660 695 2724 conciliumque
747 2675 778 2712 zu
793 2661 951 2723 vertreiben;
971 2661 1065 2715 daher:
1078 2653 1137 2716 ‘dns
1156 2661 1263 2716 Scham-

384 2725 465 2793 fugtt
744 2728 833 2794 geldhl
850 2721 983 2795 ablegen'.

180 2795 253 2847 Auclt
271 2795 298 2847 in
315 2794 404 2861 Prose,
422 2811 444 2848 z.
463 2793 492 2846 B.
511 2795 539 2847 in
556 2794 609 2846 Cot.
627 2792 655 2844 ll.
668 2796 692 2858 5,
791 2798 830 2848 tr.
857 2809 953 2861 necne,
980 2797 1021 2849 lr‘rr
1046 2813 1082 2848 an
1109 2814 1164 2849 non
1190 2806 1263 2862 sunt,

181 2867 225 2917 10:
246 2862 296 2914 lice
308 2880 352 2914 eor
364 2867 419 2914 tam
432 2864 548 2929 pridem,
566 2862 632 2924 fides
643 2877 692 2912 rru-
745 2871 819 2916 sonst
836 2864 878 2916 bei
896 2866 984 2918 Cicero
1003 2881 1050 2917 nur
1068 2866 1093 2918 in
1116 2865 1264 2920 indirelrten

176 2948 226 3000 ρετ
243 2931 354 2994 deficere
373 2934 469 2997 eoepit.
744 2931 850 2998 Fregen.
900 2935 904 2944 ”

208 3001 243 3054 ,4.
267 3002 387 3064 antiquis
405 3000 587 3065 philosophis,
611 3013 633 3052 s.
652 3000 692 3061 17,
778 2999 811 3050 In
823 3016 853 3050 co
863 3001 984 3068 -lt'bro,
999 3017 1034 3052 πε
1051 2997 1164 3054 rectove
1176 3001 1203 3067 (ξ
1214 3005 1263 3055 tt:

179 3068 212 3118 36
230 3066 266 3118 in.
301 3066 337 3116 Zu
350 3067 408 3117 Fac
427 3067 477 3132 vgl.
495 3067 512 3118 l.
527 3069 568 3132 34,
580 3068 621 3130 82,
640 3064 691 3116 und
745 3067 777 3118 de
793 3083 895 3120 summo
914 3072 1000 3130 tono).
1031 3020 1077 3120 lic
1094 3068 1175 3123 Stelle
1195 3070 1263 3124 hiets

179 3135 243 3185 tiber
259 3150 323 3184 canc
339 3132 381 3185 lV.
400 3137 495 3197 21,48.
745 3135 810 3188 nach
828 3136 920 3188 Athen.
946 3136 995 3188 Vll.
1015 3154 1040 3202 p.
1059 3139 1121 3191 280:
1147 3133 1185 3190 ot
1228 3135 1264 3210 ἀρ

213 3203 237 3252 6.
255 3217 387 3252 summum
406 3204 504 3253 bonum
521 3219 576 3255 nort
594 3201 692 3254 dolere.
744 3209 763 3257 ἕ
777 3221 830 3274 orye
857 3199 977 3272 δύναμαι
1004 3204 1099 3270 νοῆσαι
1123 3201 1193 3286 τᾷγα
1220 3200 1262 3271 όν,

179 3267 283 3350 Eplltur.
294 3267 418 3334 belDlog.
429 3270 455 3322 L.
468 3271 498 3322 ll.
513 3273 574 3324 128:
592 3266 692 3320 Τούτου
745 3271 873 3342 αφαιρῶν
888 3275 940 3339 μὲν
957 3269 1007 3326 τὰς
1026 3269 1074 3323 διὰ
1089 3270 1180 3338 pol-mv
1198 3270 1263 3340 ἡδο·

178 3354 259 3407 χαριν
285 3328 396 3389 ἅπαντα
422 3335 592 3407 πράττομεν,
618 3329 694 3388 ὅπως
745 3335 807 3404 τάς,
825 3333 952 3424 ἀφαιρῶν
970 3337 1000 3392 dd
1022 3335 1069 3392 rdr
1091 3335 1132 3392 δι’
1150 3336 1265 3410 ἀφροδι-

177 3398 246 3472 μήτε
265 3399 393 3474 ἀλγῶμεν
410 3401 478 3472 μήτε
495 3407 652 3474 ταρβῶμεν.
746 3411 824 3472 ator,
836 3409 964 3476 αφαιρῶν
976 3405 1007 3459 dd
1017 3405 1067 3462 τὰτ
1076 3402 1113 3459 δι’
1125 3403 1265 3480 ἀκροαμά-

213 3476 237 3524 1.
255 3489 327 3524 nunc
344 3477 452 3536 omnia,
473 3489 508 3526 sc.
532 3474 627 3524 dicere.
658 3472 693 3525 So
745 3494 813 3536 των,
831 3472 960 3546 ἀφαιρῶν
978 3473 1009 3527 δὲ
1029 3473 1079 3530 coir
1096 3473 1142 3527 διὰ
1158 3478 1266 3546 μορφῆς

178 3540 210 3592 de
229 3541 299 3592 deor.
317 3556 341 3592 n.
361 3542 379 3594 l.
397 3544 421 3606 8,
441 3545 485 3596 19:
508 3541 631 3605 Longum
656 3545 695 3591 ert
746 3539 811 3595 κατ’
837 3541 904 3612 ὄψιν
928 3537 1019 3608 ἡδείας
1041 3541 1165 3608 κινήσειε.
1201 3546 1264 3598 Fost

178 3610 215 3660 ad
223 3613 326 3670 omnim
340 3607 417 3661 Tuse.
427 3609 451 3662 d.
461 3610 478 3661 l.
490 3612 531 3671 31,
542 3612 588 3661 90:
598 3608 694 3671 Quam·
747 3610 866 3665 wortlich
885 3613 981 3664 enemo
999 3613 1041 3666 bei
1057 3610 1131 3679 Diog.
1150 3613 1175 3666 l..
1190 3613 1223 3666 x,
1237 3617 1264 3666 6.

178 3692 259 3741 quam
276 3679 326 3728 ltoc
345 3677 451 3743 quidem
468 3679 548 3727 nimir
564 3693 651 3742 saepe.
784 3682 822 3732 15.
845 3680 942 3732 donum
960 3681 1030 3732 illud
1039 3721 1045 3746 ‚
1072 3681 1149 3732 ndml.
1168 3697 1266 3734 weron

224 3747 263 3796 to.
294 3745 366 3808 Quid
393 3748 616 3810 tergtrvermmur
646 3748 694 3796 cet.
746 3746 844 3814 Epilmr
861 3749 953 3800 vorher
971 3748 1130 3816 gesprochen
1149 3749 1231 3801 hetto.

179 3809 256 3862 Sion:
284 3810 368 3863 Wenn
381 3811 414 3864 du
427 3827 459 3864 an
472 3812 517 3864 der
529 3812 603 3865 einen
615 3811 694 3866 Stelle
783 3818 821 3868 17.
840 3820 931 3867 suauis
948 3819 1078 3869 motiones
1093 3809 1268 3882 ‘ungenelrme

180 3875 221 3929 die
239 3878 362 3945 votuptas
379 3878 459 3932 durch
476 3897 531 3932 non
549 3881 639 3934 dolero
657 3895 695 3933 er·
746 3876 914 3938 llindrdclte'.
