2800 4476
518 249 612 304 unca
629 250 671 306 ιι.
690 253 782 320 aeon
793 255 834 307 ιι.
1154 254 1214 315 103

140 420 263 482 tationis
278 422 393 483 modus.
420 422 502 484 Scire
517 433 615 484 autem
632 441 687 484 nos
703 431 821 503 oportet
833 425 967 506 coguitis,
984 428 1081 506 quoad
1091 437 1217 506 possunt

140 505 179 567 ab
194 505 317 568 bomine
340 507 494 586 cognosci,
515 508 663 570 bonorum
686 509 876 572 etmalorum
898 511 1008 574 tinibus
1029 511 1103 574 uihil
1119 531 1135 574 a
1150 513 1216 593 phi-

140 591 277 672 losophia
298 610 385 671 posse
407 601 457 654 aut
471 593 566 655 maius
580 600 630 654 aut
645 592 746 655 utilius
769 595 864 674 optari
887 614 974 675 quam
996 597 1086 673 haee,
1106 616 1215 677 quaea

141 676 231 738 nobis
245 677 303 738 boc
316 677 488 756 *quadriduo
508 677 654 758 disputata
675 685 754 740 suut.
792 680 887 742 Morte
902 682 981 743 enim
997 689 1166 763 contempta
1187 692 1217 746 et

104 772 121 821 5
142 761 247 823 dolore
262 762 297 822 ad
312 763 484 841 patiendum
499 764 592 824 levato
607 762 794 826 adiunximus
809 764 990 828 sedationem
1013 767 1214 848 aegritudinis,

142 865 202 925 qua
224 846 339 908 nullum
359 847 471 909 homini
486 848 596 910 malum
617 847 711 910 maius
732 857 785 910 est.
818 849 880 912 Etsi
904 852 984 912 enim
1008 853 1104 914 omnis
1124 853 1215 915 animi

140 931 328 1011 perturbatio
349 933 444 1012 gravis
465 943 510 996 est
536 951 591 994 nec
617 933 742 996 multum
766 932 865 996 differt
890 936 927 997 ab
947 937 1090 1012 amentia,
1116 947 1214 1000 tamen

142 1027 268 1092 ceteros
289 1035 356 1078 oum
371 1027 442 1080 sunt
456 1018 487 1079 in
502 1018 599 1097 aliqua
613 1017 836 1099 perturbatione
850 1028 901 1082 aut
915 1032 1010 1085 metus
1025 1033 1075 1084 aut
1089 1023 1215 1085 laetitiae

141 1110 193 1162 aut
213 1102 395 1182 cupiditatis,
417 1112 581 1164 commotos
601 1103 734 1164 modoet
753 1105 943 1183 perturbatos
962 1106 1061 1169 dicere
1076 1108 1214 1184 solemus,

88 1199 118 1252 10
141 1195 173 1248 at
184 1205 245 1262 eos,
261 1187 311 1267 qui
323 1207 355 1250 se
366 1188 543 1266 aegritudini
554 1188 736 1262 dediderunt,
751 1188 883 1264 miseros,
899 1191 1039 1266 adflictos,
1056 1210 1214 1255 aerumno-

141 1291 206 1345 sos,
228 1271 422 1334 calamitosos.
452 1273 554 1353 ltaque
577 1293 638 1334 non
660 1273 782 1335 fortuito
803 1274 911 1337 iactum
933 1275 1062 1352 videtur,
1084 1277 1134 1338 sed
1155 1286 1216 1340 ate
1236 1287 1265 1340 83

143 1357 260 1418 ratione
282 1358 483 1438 propositum,
506 1366 540 1419 ut
560 1359 718 1438 separatim
734 1359 770 1420 de
793 1361 977 1440 aegritudine
999 1360 1085 1422 etde
1108 1363 1214 1425 ceteris

140 1441 416 1522 perturbationibus
431 1443 662 1524 disputaremus3
684 1443 714 1505 iu
738 1463 772 1504 ea
787 1453 832 1506 est
847 1445 926 1507 enim
940 1447 1008 1507 lons
1029 1446 1213 1510 miseriarum

142 1536 173 1587 et
194 1535 291 1606 caput.
328 1528 385 1589 Sed
409 1536 439 1590 et
458 1528 651 1608 aegritudinis
672 1537 701 1590 et
725 1529 907 1610 reliquorum
929 1531 1020 1592 animi
1040 1531 1213 1594 morborum

90 1627 118 1679 15
141 1630 202 1673 una
217 1613 330 1674 sanatio
353 1621 412 1688 est,
435 1614 531 1675 omnis
552 1612 708 1694 opinabilis
728 1633 792 1676 esse
813 1624 844 1676 et
863 1616 1044 1678 voluntarios
1067 1634 1100 1678 ea
1120 1635 1213 1697 reque

13 1671 15 1798 J
141 1697 269 1778 suscipi,
294 1697 375 1778 quod
395 1699 435 1760 ita
456 1706 571 1760 rectum
593 1717 656 1760 esse
678 1699 819 1761 videatur.
861 1701 949 1762 Hunc
975 1719 1107 1763 errorem
1129 1703 1214 1781 quasi

140 1782 269 1844 radicem
291 1783 436 1844 malorum
457 1784 590 1845 omnium
612 1784 745 1864 stirpitus
765 1785 950 1866 philosophia
971 1805 1003 1848 se
1018 1794 1213 1848 extracturam

140 1867 307 1947 pollicetur.
337 1868 447 1930 Demus
468 1867 558 1948 igitur
578 1889 633 1930 nos
653 1869 723 1930 huic
742 1870 920 1932 excolendos
938 1870 1144 1952 patiamurque
1160 1891 1215 1936 uos
1235 1881 1265 1934 84

13 1951 14 2006 ι
140 1953 248 2014 sanari.
288 1952 342 2015 His
363 1954 443 2015 euim
464 1954 549 2015 malis
570 1953 767 2018 insidentibus
789 1973 850 2016 uon
873 1955 960 2018 modo
986 1955 1079 2033 beati,
1101 1957 1154 2019 sed
1174 1977 1213 2018 ne

13 2035 14 2108 ἶ
90 2049 119 2100 2ο
140 2037 206 2098 sani
233 2037 351 2117 quidem
378 2057 442 2100 esse
471 2057 638 2118 possumus.
685 2040 746 2100 dut
765 2039 855 2118 igitur
884 2059 1027 2121 negemus
1056 2042 1213 2122 quicquam

139 2122 258 2183 ratione
273 2122 394 2197 confici,
411 2133 599 2186 cumcontra
621 2124 694 2186 nihil
709 2125 773 2186 sine
789 2126 904 2188 ratione
924 2134 1005 2188 recte
1026 2127 1090 2188 lieri
1111 2128 1212 2207 possit,

141 2216 208 2282 aut,
225 2225 292 2268 oum
306 2208 494 2288 philosophia
509 2227 545 2270 ex
560 2209 710 2273 rationum
732 2211 900 2272 conlatione
923 2219 1052 2287 constet,
1069 2211 1105 2273 ab
1122 2230 1172 2288 ea,
1188 2212 1214 2274 si

140 2300 171 2353 et
198 2291 271 2353 boni
299 2302 328 2354 et
355 2293 433 2355 beati
460 2293 595 2357 volumus
623 2314 703 2369 esse,
729 2295 828 2356 omnia
855 2296 1023 2359 adiumenta
1051 2306 1081 2358 et
1107 2297 1213 2359 auxilia

139 2385 276 2457 petamus
290 2376 368 2440 bene
382 2378 527 2459 beateque
542 2381 664 2442 vivendi.
750 2427 752 2436 .

175 2512 212 2560 rit
222 2512 348 2562 -huius
366 2512 434 2578 disp.
448 2514 555 2580 modus..
585 2501 653 2565 [lber
704 2528 727 2566 z.
744 2511 774 2568 B.
792 2511 825 2564 de
837 2512 881 2567 fin.
894 2512 925 2566 V.
938 2517 963 2580 d,
977 2517 1022 2568 17:
1041 2517 1122 2566 tonus
1134 2531 1214 2580 quaa·

139 2577 229 2630 diesen
242 2577 350 2630 Genetiv
362 2595 383 2632 a.
392 2579 430 2632 lll.
441 2583 481 2644 22,
493 2584 528 2635 44
536 2597 568 2634 uu
581 2581 652 2633 cala·
702 2583 797 2631 ettonis
813 2580 884 2647 forro,
900 2581 953 2634 und
965 2582 1076 2634 nacbher
1087 2583 1114 2634 in
1125 2582 1212 2650 Braug

139 2649 244 2698 mitatie
260 2651 416 2712 praesentis.
703 2646 802 2700 darauf:
832 2650 864 2699 ab
892 2665 922 2698 ao
944 2651 1023 2714 quasi
1045 2653 1140 2716 capite.
1174 2651 1211 2702 lle

176 2719 200 2767 1.
214 2715 474 2780 cognitis-finibus
490 2715 533 2780 (ει
543 2719 651 2780 cognito
704 2723 768 2768 orat.
779 2715 797 2767 l.
814 2718 854 2780 10,
866 2718 900 2768 42
917 2715 995 2768 heilst
1012 2715 1134 2770 Solinates
1148 2717 1213 2779 fone

138 2797 242 2833 mmmo
255 2785 323 2834 hono
338 2784 464 2848 stmulo),
480 2799 513 2834 zu
527 2783 651 2836 walchem
705 2787 731 2833 et
747 2787 828 2848 eaput
840 2784 1070 2849 pbilosophorum.

138 2849 251 2902 Zweoke
261 2850 349 2904 Cicero
362 2851 526 2904 uumittelbar
537 2867 585 2903 vor
600 2851 651 2904 den
737 2853 778 2902 15.
804 2866 860 2902 una
885 2854 992 2902 sanatio
1019 2856 1071 2916 eet,
1104 2853 1212 2920 ergdnze

138 2917 303 2971 Tusculanen
317 2919 358 2971 die
372 2925 386 2974 5
400 2918 499 2972 Biicber
513 2919 545 2971 de
557 2919 652 2972 finibus
704 2934 763 2970 oum
787 2917 910 2970 docentus
928 2919 990 2970 oder
1006 2919 1111 2984 docem
1136 2935 1155 2973 s.
1173 2920 1212 2975 111.

140 2985 309 3052 geschrieben
327 2987 405 3041 hatte.
704 2988 745 3049 31,
772 2987 805 3038 ’16
838 3003 870 3040 zu
900 2986 1020 3050 officium
1051 2989 1213 3041 consolantes

175 3056 200 3106 2.
219 3072 236 3106 a
250 3056 434 3122 philosophia,
452 3055 498 3108 aul
513 3054 555 3108 die
572 3055 653 3122 Frage
701 3058 805 3121 putant.

135 3113 271 3174 ‘wohert’
737 3137 865 3188 caraque.
894 3121 993 3186 Queist
1005 3139 1036 3175 an
1049 3122 1095 3176 das
1104 3126 1128 3176 2.
1137 3123 1212 3178 Wort

176 3194 200 3244 5.
220 3191 256 3241 ad
270 3191 428 3256 potiendum
441 3185 483 3244 ‘so
502 3192 558 3243 dats
571 3206 598 3244 er
615 3206 653 3243 er·
704 3189 830 3258 gehdugt,
847 3188 907 3241 weil
926 3207 957 3240 aa
973 3207 1017 3257 re,
1036 3192 1086 3244 wie
1104 3208 1157 3258 qua
1174 3210 1212 3258 ra,

141 3258 252 3323 trhglich
269 3254 356 3320 wird';
376 3274 396 3312 s.
409 3259 476 3312 oben
490 3262 531 3323 ll,
544 3263 584 3314 37.
704 3258 845 3325 gleichsam
862 3257 913 3309 eiu
926 3257 1000 3311 Wort
1016 3259 1059 3314 ist.
1076 3260 1131 3312 Aus
1143 3260 1213 3313 dem·

176 3327 199 3378 8.
219 3329 543 3393 perturbationemque,
567 3326 617 3379 wie
634 3327 652 3380 l.
705 3325 794 3378 selben
813 3324 915 3377 Grande
938 3327 1072 3392 geschieht
1096 3326 1151 3380 dies
1169 3343 1212 3395 ge-

142 3396 184 3455 45,
199 3397 260 3448 109:
280 3397 357 3446 honre
374 3395 463 3446 laudis
480 3399 506 3446 et
520 3397 635 3459 gloriae.
704 3393 835 3446 wdhnlicb
851 3394 918 3444 auch
929 3393 995 3446 nach
1008 3393 1211 3460 Prhpositioueu.

178 3464 217 3515 12.
236 3463 414 3526 rationando
432 3465 456 3527 6,
474 3466 518 3524 13;
537 3462 653 3546 dagegeu
703 3461 762 3529 Vgl.
780 3477 813 3513 zu
829 3461 867 3512 111.
881 3464 921 3526 12,
931 3464 976 3514 27:
996 3464 1076 3527 inqua
1093 3479 1132 3515 aa.

143 3536 223 3581 unten
240 3531 256 3598 ᾖ
276 3533 322 3583 84ι
336 3523 427 3583 ‘durch
447 3531 492 3584 das
509 3530 631 3584 Denkeu.
738 3531 779 3584 22.
796 3546 831 3580 ero
843 3532 981 3582 rationum
993 3531 1145 3582 conlatione
1155 3525 1211 3584 ‘aus

179 3600 218 3650 14.
227 3597 652 3664 oaput‚vonGewhssern‚--forrc.
702 3597 968 3664 Zusammenstellung
996 3613 1049 3650 ron
1076 3597 1212 3652 Vernuult-

144 3663 178 3717 So
191 3666 652 3734 auchindbertragenerssedeutung,
703 3659 813 3720 satcen‘.
