2804 4474
419 190 845 258 mmmmmmmm
1128 191 1166 250 m

92 364 175 426 illum
192 383 251 425 suo
266 364 375 426 iudieio
391 372 433 439 et,
451 364 531 444 quod
546 383 577 426 se
592 364 632 425 ita
646 371 731 444 putet
746 373 884 445 oportere
900 365 1011 439 saoere,
1027 383 1169 428 maerere.

91 449 241 510 Nimirum
263 449 366 529 igitur,
388 459 422 511 ut
444 450 474 511 irr
497 450 593 512 causis
615 468 675 511 non
697 467 814 529 semper
835 449 946 511 utimur
968 451 1070 512 eodem
1090 459 1168 513 statu

91 568 131 580 -
146 534 190 595 sio
206 534 290 595 enim
304 534 486 615 appellamus
501 534 769 596 controversiarum
784 553 894 615 genera
906 569 959 610 -,
974 535 1024 597 sed
1042 536 1076 596 ad
1092 544 1167 597 tern-
1183 577 1186 584 ·

90 637 156 697 pus,
172 620 211 681 ad
224 619 443 681 controversiae
456 628 602 694 naturam,
618 620 653 680 ad
668 637 826 699 porsonam
842 621 1107 696 accommodamus,
1123 621 1167 683 sio

58 713 71 764 5
93 705 121 765 in
135 702 327 784 aegritudine
339 704 476 766 lenienda
488 723 575 783 quam
588 704 714 784 quisque
728 705 913 767 curationem
929 705 1060 785 recipere
1075 707 1169 786 possit

90 788 254 850 videndum
271 798 325 851 est.

177 874 238 935 Sed
254 874 426 952 nescioquo
442 882 529 953 paeto
545 874 580 935 ab
597 893 643 947 oo,
660 873 738 953 quod
754 882 846 934 orata
862 882 890 936 te
906 875 1100 954 propositum,
1115 875 1167 938 ab·
1189 889 1219 942 80

91 958 199 1020 erravit
223 959 327 1020 oratio.
357 959 401 1019 Tu
426 959 504 1020 onim
520 960 556 1021 de
572 959 705 1039 sapiente
720 959 902 1038 quaesieras,
925 959 972 1022 oui
993 969 1044 1022 aut
1059 961 1167 1024 malum

92 1043 185 1104 videri
202 1044 319 1106 nullum
332 1053 439 1125 potest,
455 1043 534 1123 quod
546 1052 629 1105 vacet
639 1043 832 1124 turpitudine,
850 1054 899 1104 aut
914 1044 952 1105 ita
967 1063 1089 1124 parrum
1106 1064 1167 1107 ma-

45 1138 71 1188 10
89 1129 162 1203 lum,
177 1139 215 1190 ut
232 1129 261 1190 id
274 1128 419 1191 obruatur
428 1129 571 1209 sapientia
586 1129 692 1208 vixque
706 1137 855 1209 appareat,
871 1129 922 1208 qui
937 1129 1011 1190 nihil
1026 1133 1168 1210 opinione

92 1213 426 1294 adfingatadsumatquo
438 1214 474 1276 ad
485 1214 709 1293 aegritudinem,
721 1232 778 1275 neo
789 1213 817 1275 id
828 1223 913 1293 putet
923 1233 988 1275 osse
998 1224 1123 1291 reatum,
1135 1237 1167 1279 se

94 1316 183 1377 quarn
194 1299 323 1360 maximo
340 1299 503 1360 excruciari
517 1299 659 1379 luctuque
675 1299 791 1373 oondei,
808 1317 867 1378 quo
883 1298 1001 1377 pravius
1015 1299 1088 1361 nihii
1104 1320 1169 1363 esse

93 1384 196 1460 possit.
233 1383 360 1446 Edoeuit
376 1393 474 1446 tamen
494 1385 585 1459 ratio,
601 1394 635 1446 ut
655 1384 726 1446 mihi
741 1384 858 1463 quidem
874 1383 1004 1458 videtur,
1027 1402 1095 1446 oum
1111 1388 1167 1448 hoo

92 1468 190 1548 ipsum
215 1467 337 1549 proprie
359 1487 422 1531 non
444 1479 636 1548 quaereretur
657 1471 715 1531 hoe
736 1477 886 1548 tempore,
908 1486 979 1530 num
995 1470 1073 1547 quod
1090 1480 1168 1534 esset

47 1562 71 1614 15
92 1554 217 1629 malurn,
234 1553 290 1615 nisi
307 1554 386 1634 quod
409 1553 487 1615 idem
502 1553 560 1615 dini
581 1562 668 1636 turpe
690 1564 807 1635 posset,
829 1563 927 1615 tamen
943 1563 977 1614 ut
991 1555 1166 1632 videremus,

93 1638 238 1718 quioquid
254 1646 331 1700 esset
345 1639 376 1699 in
393 1639 577 1718 aegritudine
591 1640 669 1714 mali,
685 1639 713 1699 id
729 1658 791 1722 non
809 1638 941 1700 naturale
957 1657 1034 1714 esse,
1050 1641 1100 1702 sed
1115 1659 1167 1701 vo-

93 1723 226 1786 luntario
248 1723 356 1785 iudicio
378 1733 409 1786 et
429 1723 580 1804 opinionis
601 1742 702 1786 errore
718 1733 912 1786 contractum.
939 1724 1107 1786 Tractatum
1124 1736 1169 1789 ost
1190 1736 1219 1790 81

92 1819 192 1870 autem
217 1827 233 1870 a
257 1808 344 1870 nohis
365 1809 395 1870 id
416 1826 511 1889 genus
533 1809 739 1889 aegritudinis,
761 1809 839 1888 quod
863 1826 956 1870 unum
974 1817 1019 1871 est
1033 1811 1166 1872 omnium

92 1911 281 1968 maxumum,
302 1903 335 1954 nt
356 1912 392 1954 eo
413 1893 529 1955 sublato
549 1895 733 1975 reliquorum
750 1893 878 1956 remedia
900 1911 938 1955 no
953 1911 1060 1974 magno
1077 1915 1167 1977 opere

47 1986 73 2038 to
94 1979 264 2057 quaerenda
280 1979 500 2040 arbitraremur.

177 2065 257 2126 Sunt
271 2063 351 2125 enirn
366 2071 547 2143 certandae
567 2065 604 2124 de
627 2070 816 2143 paupertate,
837 2071 927 2137 oerta,
949 2082 1025 2143 quae
1047 2066 1082 2126 de
1107 2066 1163 2128 vita
1180 2073 1219 2131 84

93 2148 272 2211 inhonorata
285 2158 314 2210 et
325 2148 450 2229 ingloria
462 2148 520 2210 dioi
535 2150 664 2224 soleant;
680 2147 836 2228 separatim
853 2156 950 2211 certae
965 2151 1082 2212 sohoiae
1098 2162 1168 2214 sunt

93 2232 128 2295 de
143 2234 264 2310 exsilio,
280 2233 315 2295 de
331 2233 451 2295 interitu
466 2235 587 2314 patriae,
603 2235 639 2296 de
655 2233 807 2306 servituto,
823 2233 859 2295 de
874 2232 1032 2312 debilitato,
1048 2237 1084 2298 do
1100 2256 1167 2300 eae·

127 2371 150 2423 1.
162 2337 213 2420 arro
225 2368 337 2434 iudicio,
349 2366 402 2434 vgl.
414 2370 455 2434 28,
470 2370 516 2432 663
528 2374 608 2420 untou
696 2369 735 2421 rt.
746 2383 812 2420 num
824 2370 904 2434 quod.
914 2367 1088 2438 Vollstindig:
1103 2389 1168 2424 num

93 2436 162 2498 880.
659 2437 731 2557 im
755 2437 855 2487 matum
885 2437 935 2500 (ein
962 2439 1168 2494 vermeintiiohos

126 2506 150 2557 2.
172 2505 264 2555 eodem
286 2507 367 2556 amur.
397 2503 501 2568 Statura,
522 2503 606 2568 jurist.
684 2503 734 2568 belt
752 2508 818 2554 erret
833 2506 934 2555 malum
951 2505 1002 2568 (ein
1020 2507 1167 2561 wirlrlieires

93 2575 165 2625 term.
181 2573 267 2624 techa.
278 2595 313 2616 =
323 2574 490 2634 oomtitutio,
506 2565 608 2636 ardore,
658 2559 742 2635 dhet),
752 2572 801 2622 wie
811 2569 873 2622 kura
884 2572 975 2624 vorher
984 2573 1001 2640 ξ
1010 2576 1054 2627 80:
1065 2579 1110 2626 eur·
1118 2582 1167 2627 out

93 2639 246 2694 bezeichnet
273 2640 320 2692 den
351 2638 526 2706 Staudpunkt,
555 2653 607 2690 von
657 2640 758 2691 malum
779 2639 868 2690 uideri
888 2639 992 2690 nullum
1012 2647 1102 2706 potest
1118 2649 1166 2695 oet.

95 2708 220 2762 melonem
238 2723 284 2759 aus
302 2708 359 2759 eine
374 2705 546 2759 Rechtssache
564 2707 608 2758 be·
694 2711 734 2760 15.
742 2712 775 2757 ut
784 2707 933 2757 videremur
941 2707 976 2758 ist
986 2723 1038 2759 von
1050 2709 1169 2761 Edoouit

94 2775 200 2830 handelt
211 2775 284 2831 wird.
299 2775 355 2841 Vgl.
369 2776 420 2827 Cio.
429 2773 494 2840 Top.
505 2775 545 2839 25,
559 2777 600 2827 93.
660 2780 748 2826 tamea
764 2777 835 2825 ratio
849 2774 990 2842 abhingig:
1004 2770 1073 2828 ‘eine
1087 2777 1167 2844 folge-

128 2849 152 2898 Ἰ.
177 2847 211 2896 ab
236 2846 467 2895 oo-oderraoit.
501 2840 551 2894 lias
568 2857 609 2893 ur·
659 2843 768 2908 richtige
791 2840 963 2908 Betraohtung
990 2843 1034 2896 hat
1060 2860 1108 2897 uns
1134 2861 1165 2897 zu

95 2911 259 2979 sprungtioire
277 2910 374 2963 Thema
396 2915 427 2975 (s.
450 2914 476 2975 4,
495 2914 520 2976 t)
543 2925 607 2962 war:
660 2910 704 2962 der
724 2909 839 2962 Einsioht
861 2902 984 2976 geitrhrt’3
1009 2916 1096 2962 tomen
1115 2929 1167 2965 we-

98 2979 190 3032 Utrum
208 2981 289 3031 eadat
304 2983 334 3030 a'n
354 2981 500 3045 rapientem
519 2983 609 3042 aegri-
659 2993 708 3044 gen
727 2977 771 3030 der
796 2976 875 3029 durch
893 2978 934 3030 die
961 2979 1166 3034 Zwiscirensitae

96 3050 160 3100 tudo
172 3065 263 3102 necno.
294 3047 383 3100 Gioero
401 3047 446 3100 irat
464 3046 525 3098 aber
542 3047 607 3098 nroir
658 3044 877 3099 unterbroohenen
902 3045 1087 3100 Konstruktion
1106 3050 1167 3102 wie·

95 3115 252 3183 Erlodigong
268 3116 352 3168 dieser
364 3114 444 3181 Frage
462 3114 527 3166 auch
544 3114 608 3167 dher
658 3114 767 3166 derhoit.

96 3183 136 3238 die
154 3184 285 3236 Ursaeiren
306 3182 359 3234 und
380 3183 426 3234 die
439 3181 607 3248 Behaudluog
694 3186 733 3237 1⁸1.
753 3182 887 3247 opinionis
903 3197 1003 3249 orror-e,
1022 3184 1074 3252 agi.
1092 3201 1124 3238 zu
1142 3191 1167 3251 5,

97 3252 139 3306 der
149 3251 292 3318 aegritudo
302 3251 469 3317 gosproohon.
487 3280 521 3289 -
539 3249 607 3302 dim·
660 3254 704 3304 11:
726 3250 937 3301 mediocritatem
956 3249 1117 3315 osfioiorsm3
1142 3258 1167 3320 2,

97 3319 163 3374 liehe
181 3321 289 3372 Formen
308 3319 353 3371 des
371 3319 474 3370 raditur
493 3318 531 3368 od
542 3333 608 3384 pro·
658 3321 686 3370 4:
704 3333 799 3370 eureus
815 3333 915 3371 erroro.

95 3393 226 3455 positum,
251 3388 278 3438 in
300 3387 425 3438 wolrehem
451 3389 539 3438 oratio
564 3401 607 3452 ge·
694 3389 735 3440 18.
753 3387 784 3437 id
797 3401 884 3450 genas
897 3387 1085 3451 aegritudinis.
1113 3387 1165 3440 dic.

97 3456 228 3510 wdlrnlioh
240 3453 426 3522 personifiziort
435 3454 508 3519 wird‚
521 3453 607 3506 finden
659 3457 738 3507 moint
755 3453 895 3506 besonders
913 3453 954 3505 die
973 3453 1165 3508 Bekr'rmmernis

96 3526 149 3577 siotr
169 3532 249 3576 nnton
267 3521 309 3575 tv,
326 3525 349 3586 2,
362 3526 389 3583 ὅς
408 3521 439 3573 V.
452 3524 493 3587 23,
512 3524 556 3580 eo;
576 3521 607 3574 de
658 3524 722 3574 r'rber
734 3522 782 3574 don
796 3520 852 3572 'l'od
863 3522 1164 3589 unsererrtngehorigen.

98 3592 316 3656 or.11.38‚1at:
335 3590 387 3642 Sed
403 3591 434 3641 ut
452 3606 482 3641 oo
499 3606 605 3641 rovooo·
658 3590 726 3656 (vgt.
745 3590 807 3656 Kap.
827 3592 859 3643 26
877 3606 901 3644 u.
921 3591 972 3653 27.)

98 3668 149 3726 tur,
161 3661 233 3711 unde
243 3660 294 3709 duo
305 3659 449 3710 declinavit
458 3661 546 3710 oratio
556 3663 604 3710 oet.
690 3675 782 3711 unum.
802 3656 861 3724 vgr.
879 3672 910 3708 zu
928 3657 945 3709 Ι.
960 3659 1000 3723 12,
1019 3660 1063 3712 at:
1082 3674 1165 3710 unum

132 3733 172 3783 10.
180 3730 313 3779 obruatur
320 3725 501 3792 (imVergleich
508 3726 605 3778 rnitder
655 3727 733 3791 illud,
750 3744 775 3779 u.
793 3725 821 3779 ΙΙ.
841 3726 881 3789 18,
898 3727 940 3778 43.

97 3796 194 3849 Weish.
212 3794 409 3858 versohwindett
428 3799 605 3860 ..appareat
691 3797 731 3848 18.
749 3799 781 3845 ott
796 3821 831 3831 -
848 3809 889 3858 ne,
906 3793 1111 3858 s.zui.32,'18.

97 3866 149 3930 vgl.
162 3863 300 3928 11.2t,oo;
319 3865 366 3928 qui
382 3887 416 3908 =
434 3865 530 3929 quippo
550 3865 604 3928 pai.
691 3865 731 3917 22.
750 3861 864 3926 redoleo,
881 3860 934 3926 vgi.
952 3859 970 3912 1.
980 3864 1065 3927 4,*iu.
1077 3866 1100 3916 8.

923 3944 962 3996 4*
1061 3963 1064 3969 ·
