2800 4476
541 209 635 264 LIBER
651 211 752 277 chSl,
762 215 804 266 ta.
1162 213 1202 274 97

134 390 241 443 natura
253 380 408 456 concessit,
424 381 490 460 quis
501 392 551 443 eut
561 383 597 445 de
609 383 770 464 Ganymedi
784 393 871 466 raptu
881 384 998 447 'dubitat
1012 384 1083 465 quid
1098 395 1204 465 poetae

133 467 234 541 velint,
261 476 387 527 autnon
410 466 555 546 intellegit
576 469 647 549 quid
669 470 747 549 apud
768 469 941 551 Euripidem
965 479 993 532 et
1014 470 1154 550 loquatur
1175 479 1204 532 ct

135 552 237 632 cupiat
247 550 357 613 Laius?
373 551 449 622 Quid
464 552 593 633 denique
607 554 743 617 homines
758 554 918 618 doctissimi
934 564 963 616 ct
976 555 1084 618 summi
1098 564 1203 635 poetae

134 636 171 698 de
193 655 226 698 se
247 637 320 716 ipsis
340 643 370 697 et
389 636 571 701 carminibus
589 640 681 701 edunt
702 649 732 702 et
747 638 909 703 cantibus?
935 640 1032 702 Fortis
1046 640 1091 701 vir
1105 641 1135 701 in
1151 659 1204 704 sua

96 733 112 784 5
134 740 167 782 re
180 721 300 800 publica
311 722 447 801 cognitus
459 740 535 802 quae
546 724 581 785 dc
593 725 732 786 iuvenum
743 744 843 786 amore
857 725 960 788 scribit
970 725 1108 787 Alcaeusl
1130 726 1204 788 Nam

135 807 333 869 Anacreontis
362 807 479 886 quidem
506 817 567 870 tota
593 810 691 890 poesis
716 819 761 872 est
787 811 927 872 amatoria
934 828 943 885 ;
973 828 1108 872 maxume
1133 829 1203 873 vero

135 892 270 953 omnium
285 891 424 972 flagrasse
439 911 538 954 amore
553 893 702 974 Reginum
717 894 838 976 Ibycum
852 904 975 976 apparet
990 915 1026 958 ex
1041 895 1167 975 scriptis.

220 976 317 1056 Atque
343 978 450 1038 horum
480 979 612 1040 omnium
633 980 808 1042 libidinosos
829 999 894 1043 csse
921 999 1037 1043 amores
1062 979 1254 1042 videmusltd

134 1061 309 1141 Philosophi
321 1081 423 1125 sumus
435 1064 537 1139 exorti,
550 1073 580 1125 et
591 1075 712 1128 auctore
723 1064 843 1144 quidem
854 1072 957 1128 nostro
969 1066 1101 1139 Platone,
1114 1085 1204 1145 quem

82 1157 112 1208 10
135 1165 197 1207 non
213 1146 321 1208 iniuria
336 1147 531 1211 Dicaearchus
546 1158 676 1226 accusat,
698 1151 749 1230 qui
764 1151 858 1212 amori
873 1151 1075 1212 auctoritatem
1089 1150 1204 1213 tribue·

134 1249 245 1294 remus.
275 1232 366 1293 Stoici
386 1251 456 1294 vcro
478 1241 507 1295 ct
522 1235 685 1316 sapientem
701 1245 865 1297 amaturum
882 1254 946 1298 esse
961 1234 1064 1297 dicunt
1079 1243 1109 1296 et
1123 1254 1205 1298 amc·
1226 1245 1256 1297 'ta

135 1335 200 1378 rem
215 1318 313 1396 ipsum
331 1326 469 1379 conatum
486 1319 629 1382 amicitiae
645 1321 795 1383 faciendae
811 1339 847 1382 ex
861 1319 1091 1400 pulchritudinis
1106 1321 1203 1400 specie

134 1402 291 1463 definiunt.
335 1402 392 1474 Qui
414 1404 439 1465 si
460 1404 525 1484 quis
547 1405 643 1467 estin
665 1424 764 1467 rerum
788 1415 893 1467 natura
911 1405 975 1467 sine
996 1404 1203 1478 sollicitudine,

134 1487 200 1548 sine
213 1487 369 1564 desiderio,
384 1489 541 1565 cinctura,
555 1491 768 1570 sinesuspirio‚
783 1491 821 1554 sit
831 1509 918 1566 sane;
933 1500 1015 1551 vacet
1030 1491 1111 1551 enim
1123 1490 1204 1552 omni

85 1579 114 1630 15
135 1570 276 1648 libidine;
291 1573 363 1634 haec
374 1582 472 1635 autem
483 1573 520 1636 dc
532 1575 655 1638 libidine
670 1577 764 1638 oratio
780 1584 833 1638 est.
857 1576 910 1637 Sin
926 1583 1024 1636 eutem
1040 1584 1085 1637 est
1099 1575 1204 1655 aliquis

133 1675 233 1731 amor,
254 1667 288 1719 ut
310 1666 354 1719 est
375 1669 471 1734 certe,
494 1661 545 1740 qui
566 1661 639 1723 nihil
654 1661 729 1723 absit
743 1669 795 1723 aut
809 1680 870 1722 non
886 1661 1011 1722 multum
1027 1661 1063 1722 ab
1078 1660 1202 1734 insania,

133 1742 230 1820 qualis
244 1743 275 1803 in
292 1742 436 1805 Leucadia
452 1753 510 1807 est:

132 1860 644 1918 metteoreeertamen=demotterttm.
732 1865 772 1916 11.
796 1862 883 1914 Stoici
897 1890 932 1902 —
950 1863 1051 1912 dictent.
1085 1859 1160 1926 Diog.
1177 1863 1203 1917 L.

175 1931 198 1980 1.
236 1927 397 1994 Ganymedi,
428 1929 479 1981 wie
496 1930 514 1982 l.
533 1933 580 1994 11,
597 1933 642 1984 98:
695 1929 745 1982 Vll.
757 1931 820 1983 129:
835 1933 880 1980 καὶ
893 1927 1102 1999 ἐρασθήσεσθαι
1114 1924 1144 1980 dd
1155 1929 1206 1982 τὸν

135 1995 219 2050 [ittet.
254 1995 317 2046 Zum
334 1995 416 2047 lnhalt
433 1998 485 2064 vgl.
506 1997 524 2050 l.
543 2000 585 2062 26,
603 2001 644 2051 65.
696 1994 782 2079 σοφὸν
793 1997 853 2050 τῶν
864 1999 936 2050 νέων
948 1994 1143 2066 ἐμφαινόντων
1159 1994 1206 2050 διὰ

168 2066 193 2116 2.
203 2063 448 2131 peditemptim,
460 2066 487 2117 in
496 2065 541 2118 der
549 2066 644 2118 verlor·
695 2083 744 2118 τον
766 2061 851 2118 nidove
876 2063 928 2132 τὴν
953 2061 1020 2138 πρὸς
1039 2060 1138 2136 ἀρετὴν
1163 2063 1205 2118 eo’·

133 2130 645 2200 nenTregddieGhryeippus.Laiusndm-
735 2137 788 2186 ίαν.
824 2131 867 2185 Sic
889 2135 983 2201 gingen
1008 2132 1062 2185 also
1084 2148 1136 2186 von
1160 2134 1205 2187 der

132 2199 193 2265 lich,
211 2197 258 2250 der
268 2199 352 2266 lldnig
369 2216 422 2252 von
434 2199 548 2266 Theben,
566 2202 645 2254 liebte
720 2206 904 2268 creussetzung
922 2217 981 2267 aus,
1003 2201 1059 2253 dats
1076 2201 1103 2252 in
1121 2201 1204 2255 einern

133 2267 300 2335 Chrysippus,
320 2267 369 2320 den
387 2267 458 2322 Sohn
476 2269 521 2323 dee
539 2269 642 2338 Pelops.
694 2270 807 2324 schoneu
821 2269 1007 2336 jngeudlicheu
1024 2269 1063 2321 tto
1095 2284 1122 2321 cr
1140 2271 1206 2323 anch

168 2338 192 2388 6.
202 2337 324 2401 Atacem,
337 2335 381 2388 der
389 2336 556 2405 Lyrilrervon
565 2335 643 2408 hlyti·
693 2338 735 2390 die
747 2338 846 2404 Anlege
863 2353 909 2390 zur
921 2337 1061 2390 Schdnheit
1091 2352 1118 2389 er
1130 2337 1205 2392 Seele

132 2403 200 2468 lene,
213 2419 255 2455 mn
268 2405 421 2470 bottutlhr„
434 2404 642 2474 lralmpltegegen
693 2406 775 2473 liege,
802 2406 853 2458 und
875 2406 1002 2472 meinteu,
1021 2407 1096 2471 jener
1119 2411 1206 2460 mdesc

133 2471 175 2524 die
193 2469 334 2540 Tyranned
349 2474 433 2526 seines
445 2472 621 2528 Veterlaudes.
693 2475 721 2525 in
739 2473 797 2527 dern
813 2473 925 2538 Weisen,
944 2474 988 2526 der
1004 2474 1050 2526 ihu
1068 2474 1205 2542 anechane,

166 2538 246 2604 Nem,
264 2555 284 2592 s.
297 2543 383 2606 21123,
396 2544 439 2594 52:
459 2558 522 2593 nom
532 2544 644 2594 Aiacem
693 2542 780 2608 Liebe,
790 2541 846 2595 d.h.
855 2541 1206 2595 deeStrebennachFreuud-

133 2608 249 2674 quidem.
283 2608 435 2674 Anekreou,
461 2610 507 2662 der
529 2611 645 2678 hyriher,
694 2610 779 2662 schalt
796 2625 854 2661 zmn
866 2609 976 2661 chcke
994 2609 1039 2660 der
1049 2607 1206 2677 Veredlung,

132 2691 186 2728 non
197 2675 266 2728 Teos
280 2678 307 2728 iu
319 2677 414 2740 lonico,
433 2677 502 2731 lebte
514 2679 540 2730 iu
553 2678 643 2730 Samae
695 2676 840 2730 erweclren.
868 2677 952 2728 Daher
970 2677 1038 2728 Zeno
1056 2676 1098 2728 hei
1111 2676 1204 2730 Athen.

134 2759 176 2796 am
193 2743 258 2797 llose
276 2744 322 2798 des
334 2745 496 2812 Polykrates,
514 2748 600 2814 ephter
616 2748 643 2798 in
694 2745 756 2797 Xlll.
767 2761 794 2812 p.
806 2747 867 2797 561:
880 2741 931 2795 τὸν
938 2740 1048 2812 Ἔρωτα
1055 2742 1127 2795 θεὸν
1135 2743 1206 2798 εἶναι

133 2813 219 2864 Athen
238 2812 279 2864 bei
297 2812 346 2865 deu
364 2811 549 2867 Pisistratidcn.
694 2811 785 2897 peltas
801 2815 847 2862 καὶ
864 2807 1032 2881 theodwino,
1052 2812 1095 2862 ἔτι
1112 2807 1143 2864 δὲ
1159 2817 1205 2863 καὶ

169 2884 194 2934 t.
220 2879 352 2946 Reginum
374 2883 496 2948 Ibycum,
522 2897 566 2934 mn
593 2885 644 2936 otc
694 2876 1104 2961 ομννοίασμαρασνευαστινόν,
1123 2875 1206 2932 ἄλλον

132 2963 159 3001 v.
171 2947 238 3013 Chr,
250 2949 329 3000 durch
342 2948 465 3002 Schillere
478 2949 585 3003 Gedicht
597 2951 644 3002 all·
694 2945 722 3002 δ’
741 2944 858 3001 addaces.

134 3015 257 3068 bekannt
291 3016 347 3069 Wir
363 3017 446 3070 haben
469 3033 517 3070 nur
539 3019 643 3085 geringe
728 3033 800 3082 cero,
818 3016 869 3068 wie
886 3014 1013 3081 1.39,93.

133 3083 286 3151 Fragments
297 3100 350 3136 rou
362 3086 423 3139 ihm.
450 3085 520 3140 Suid.
533 3102 554 3138 s.
567 3087 592 3140 h.
604 3102 643 3139 v.:
733 3088 772 3139 13.
785 3088 815 3136 tn
824 3099 915 3135 recum
923 3073 1066 3136 ochero‘in
1076 3081 1121 3135 der
1130 3082 1207 3136 wirl-

132 3155 245 3222 ye'yovev
259 3153 514 3222 dpmopavdocacos
530 3159 593 3222 περὶ
610 3151 646 3207 τὰ
696 3154 782 3206 lichen
793 3143 884 3213 Wett’;
902 3150 954 3218 vgl.
967 3150 995 3204 V.
1006 3153 1048 3217 31,
1062 3155 1120 3205 101.

133 3215 321 3342 μ6ράῖἶέ1οηο
363 3289 397 3342 Er
413 3291 491 3344 uehm
509 3292 554 3356 (im
571 3255 646 3359 Sym·
700 3219 1206 3346 11152λιᾱζδέῑᾜῑνιβθ-ωι,Μαι.

170 3371 191 3408 s.
208 3357 262 3408 und
278 3356 397 3424 Phaedr.)
419 3361 486 3411 zuei
503 3360 583 3413 Arteu
601 3359 646 3412 der
732 3328 782 3411 hin
799 3363 896 3410 autem.
925 3355 975 3408 Der
987 3354 1115 3408 Nacheatz
1133 3353 1207 3418 fehlt,

153 3425 212 3477 iebe
224 3439 270 3477 an:
283 3425 421 3479 nebender
431 3429 564 3494 gemeiuen
577 3427 647 3479 sinn·
697 3427 758 3480 weil
781 3427 833 3479 (lic.
855 3426 901 3478 dee
922 3423 1073 3543 anffietthrte
1086 3421 1206 3489 ·l3eispiel

134 3493 228 3558 lichen,
246 3493 288 3546 die
305 3509 333 3545 er
351 3495 434 3548 eelbst
450 3496 571 3561 cervari,
589 3496 646 3547 eine
698 3497 789 3548 weiter
804 3494 926 3560 verlolgt.
981 3506 1021 3544 ern
1039 3489 1117 3542 Sinna
1139 3491 1204 3542 nach

135 3560 239 3627 andere,
256 3562 390 3615 reinenud
403 3564 521 3631 geistige
539 3563 646 3616 dievon
696 3564 790 3617 musste
813 3577 841 3614 er
864 3566 932 3614 etwa
955 3558 1067 3612 heusen:
1090 3559 1115 3608 ts
1137 3563 1208 3610 certe

134 3628 180 3681 der
191 3630 369 3698 Auscheunng
386 3632 494 3685 echdner
505 3632 647 3699 lldrperge-
697 3631 903 3684 contemnendus
919 3633 965 3680 eat

134 3697 230 3750 etalten
248 3698 395 3766 ansgehend
413 3700 469 3752 sich
485 3717 530 3753 zur
543 3699 647 3752 Seelen·
734 3703 774 3754 16.
791 3705 824 3750 ut
835 3702 875 3749 est
886 3702 964 3750 certe.
984 3693 1055 3746 Brut
1066 3695 1107 3758 19,
1116 3697 1161 3748 to:
1173 3697 1210 3746 eit

134 3765 380 3820 echdnheiterhebt
409 3769 471 3820 nats
483 3768 606 3821 Biedarch
618 3768 646 3833 (1.
697 3769 804 3820 Ennius
826 3782 903 3830 eane,
925 3769 957 3816 et
979 3766 1019 3813 eet
1039 3765 1122 3825 certa,
1145 3779 1209 3829 per-

136 3836 178 3898 10,
191 3835 234 3897 21)
252 3835 297 3888 lhn
314 3835 413 3902 angriff,
432 3837 528 3889 wiseeu
540 3837 587 3889 wir
599 3852 647 3889 nur
697 3835 803 3898 fractior.
830 3833 918 3900 ugit.
933 3836 973 3898 18,
987 3833 1032 3883 41:
1048 3831 1120 3914 sicut
1136 3835 1183 3882 est.

136 3914 183 3953 ans
199 3902 284 3956 dieser
301 3902 390 3958 Stelle.
735 3907 773 3958 11.
796 3905 825 3954 iu
843 3901 993 3962 Leucadia,
1017 3898 1052 3950 im
1083 3895 1209 3952 Mddchen

189 3985 267 4029 Cicero
283 3986 372 4032 'l'uecul
388 3989 416 4033 11.
439 3990 460 4031 8.
473 3989 528 4031 Anu.
991 3990 1005 4040 'l
