2804 4474
530 201 625 255 nana
642 201 680 254 m
699 204 792 268 snm.
1131 185 1192 260 '49

117 375 196 436 illam
218 375 393 456 opinionem
414 375 575 450 maerenti,
597 375 621 437 si
643 393 675 436 se
699 375 797 437 officio
812 374 895 455 fungi
911 382 994 454 putet
1010 374 1087 437 iusto
1103 383 1192 456 atquc

117 460 226 522 debito.
259 461 336 522 Sunt
356 460 443 521 etiam
459 461 510 539 qui
532 461 603 522 haec
620 461 718 521 omnia
733 479 842 540 genera
857 460 1031 522 consolandi
1052 461 1193 541 colligant

118 579 161 590 —-
172 545 248 607 alius
264 546 343 607 enim
359 545 416 606 alio
428 545 516 607 modo
531 553 666 607 movetur
677 579 728 619 -,
743 553 777 606 ut
791 547 852 608 scre
868 565 923 608 nos
938 546 969 607 in
983 546 1192 608 Consolatione

120 631 219 692 omnia
235 631 267 692 in
284 629 517 693 consolationem
533 649 623 692 uuam
639 629 836 707 coniecimus;
855 631 1013 693 eratenim
1029 631 1059 693 in
1074 639 1191 692 tumore

79 725 96 774 5
119 716 237 779 animus
253 724 283 777 et
298 714 394 778 omnis
408 716 439 776 in
455 735 490 778 eo
505 714 704 797 temptabatur
718 716 840 778 curatio.

205 802 263 862 Sed
284 801 461 862 sumendum
481 809 599 881 tempus
620 809 665 862 est
686 819 748 862 non
769 801 868 864 minus
884 802 914 863 in
931 802 1096 863 animorum
1111 817 1193 862 mor-

118 885 162 948 bis
179 905 267 966 quam
283 887 314 946 in
338 903 514 965 corporum,
535 894 569 947 ut
591 887 785 948 Prometheus
806 886 854 947 ille
878 887 1033 970 Aeschyli,
1053 887 1101 948 cui
1124 903 1192 948 cum

116 971 228 1034 dictum
244 979 336 1033 esset:

272 1057 367 1137 Atpd,
384 1056 560 1130 Prnmnbeu,
575 1069 603 1119 ce
615 1056 666 1118 bdc
680 1066 775 1117 tenne
796 1059 949 1130 centnm,

66 1149 97 1200 to
274 1143 387 1204 Medeia·
396 1161 478 1223 posse
492 1145 652 1204 ordn'onem
666 1141 841 1211 irocdndc'oe,

117 1226 288 1306 respondit:

275 1311 311 1374 Si
323 1313 437 1393 pnide'm
452 1316 503 1393 qni
516 1317 710 1394 tempesttnom
731 1311 903 1372 medicinam
918 1312 1073 1373 ddmooenc

273 1396 340 1458 Non
362 1398 563 1477 ddprooesccns
583 1397 687 1459 odlnns
708 1395 812 1458 inle'ddt
824 1413 925 1457 nmnn.
1204 1443 1245 1501 Η

204 1481 271 1543 Erit
293 1482 384 1560 igitur
405 1481 436 1544 in
460 1479 714 1544 consolationibus
735 1481 831 1561 prima
852 1479 997 1542 medicina
1019 1481 1126 1542 docere
1144 1489 1193 1542 aut
1214 1527 1245 1576 Π

68 1573 97 1624 15
119 1567 234 1629 nullum
252 1566 362 1628 malum
379 1585 442 1628 essc
457 1576 508 1628 aut
521 1567 679 1629 admodum
695 1584 828 1646 parvum,
842 1566 933 1626 altera
949 1567 1026 1627 etde
1042 1565 1191 1627 communi

116 1653 295 1713 condicione
315 1652 389 1713 vitae
413 1659 442 1713 ct
455 1653 592 1733 proprie,
613 1653 638 1714 si
661 1651 731 1733 quid
753 1651 792 1713 sit
809 1651 845 1712 dc
859 1651 965 1731 ipsius,
988 1651 1039 1730 qni
1054 1659 1191 1723 maereat,

115 1737 339 1816 disputandum,
358 1737 444 1798 tertia
456 1754 599 1798 summam
616 1755 681 1799 esse
695 1735 851 1798 stultitiam
864 1737 975 1796 trustra
990 1735 1097 1814 confici
1112 1753 1192 1796 mac-

116 1839 202 1897 rore,
224 1841 292 1884 cum
314 1822 467 1900 intellegas
488 1822 531 1883 nil
551 1841 639 1903 posse
661 1821 776 1902 profici.
806 1821 880 1882 Nam
902 1820 1058 1882 Cleanthes
1073 1821 1191 1898 quidem

118 1907 283 1988 sapientem
305 1907 492 1982 consolatur,
516 1910 567 1986 qui
589 1905 794 1968 consolatione
817 1924 879 1966 non
903 1913 978 1984 eget.
1012 1905 1090 1966 Nihil
1112 1906 1199 1966 enim·

63 1999 94 2051 2ο
115 2008 179 2054 esse
201 1993 320 2066 malum,
341 1993 421 2072 quod
436 2000 523 2072 turpe
540 2010 601 2053 non
624 1991 672 2064 sit,
694 1991 719 2052 si
734 1989 848 2070 lugenti
863 1989 1060 2071 persuaseris,
1082 2007 1143 2051 non
1159 1998 1192 2051 tu

117 2078 159 2138 illi
173 2078 300 2152 luctum,
316 2077 366 2140 sed
382 2077 533 2139 stultitiam
550 2077 727 2148 detraxerim
751 2076 880 2138 alienum
895 2083 992 2137 antem
1008 2085 1125 2155 tempus
1139 2076 1193 2136 do·

117 2163 214 2225 cendi.
251 2162 290 2224 Et
310 2172 409 2224 tamen
433 2182 492 2224 non
515 2163 586 2224 satis
605 2160 677 2222 mibi
697 2161 813 2222 videtur
833 2161 938 2223 vidisse
954 2161 1011 2222 hoc
1027 2160 1192 2234 Cleanthes,

153 2316 176 2367 1.
202 2316 228 2363 ei
249 2341 283 2352 —
299 2317 387 2378 putot,
417 2313 567 2379 Epexegese
597 2329 628 2364 nu
718 2313 757 2364 12,
771 2303 971 2377 Siquidem‘ja
991 2326 1067 2363 wenn
1082 2305 1194 2377 -’,wie

116 2381 191 2432 illam
217 2383 380 2448 opinionem.
419 2380 476 2448 Vgl.
495 2397 527 2434 nu
549 2382 567 2434 Ι.
586 2383 628 2445 22,
681 2380 709 2432 ll.
730 2383 770 2446 17,
789 2382 835 2439 39;
854 2383 901 2446 φα·
918 2404 952 2424 ==
970 2383 1037 2444 qun.

117 2451 164 2501 52:
182 2464 236 2514 quo
253 2453 349 2500 monet.
716 2451 755 2501 14.
773 2452 822 2498 ant
838 2477 873 2487 —
890 2453 946 2508 aut,
965 2449 1015 2499 wie
1033 2449 1074 2511 25,
1092 2449 1133 2500 61.

151 2520 174 2570 3.
197 2523 228 2567 in
255 2517 441 2569 Consolatione
463 2539 496 2559 =
518 2514 560 2568 lV.
585 2519 627 2578 29,
715 2519 755 2569 15.
777 2516 871 2568 altero.
889 2515 1003 2581 Ergdnnc
1021 2516 1109 2566 dicere
1131 2515 1194 2567 oder

116 2587 161 2638 63:
186 2589 217 2636 in
238 2584 436 2636 Gomolntiones
454 2584 532 2636 libro.
570 2583 626 2650 Vgl.
679 2584 880 2649 disputare-aus
899 2584 1000 2634 docere.

114 2653 154 2706 111.
173 2655 215 2715 28,
234 2657 279 2712 2ος
297 2652 315 2704 l.
334 2655 376 2715 26,
394 2655 435 2708 65.
712 2654 855 2714 communi,
872 2650 978 2702 deutseb
996 2649 1061 2702 nav.
1078 2655 1113 2696 ι’-
1124 2665 1195 2700 com-

149 2724 174 2774 4.
192 2723 223 2772 in
241 2725 345 2772 tumore
358 2713 397 2772 ‘in
415 2720 545 2784 (illelmus,
564 2717 626 2770 Aul·
677 2722 803 2770 munitor.

116 2781 238 2855 regung'‚
247 2789 298 2840 wie
310 2790 350 2853 12,
360 2791 400 2841 26.
416 2786 522 2854 VgllV.
533 2789 574 2850 29,
584 2788 626 2840 63.
714 2789 753 2839 18.
783 2784 862 2847 Nam,
885 2799 906 2836 s.
932 2801 963 2836 nu
987 2786 1033 2843 30,
1052 2787 1096 2837 73:
1122 2782 1194 2835 Nam

150 2859 174 2910 6.
187 2857 345 2908 uomendum
360 2861 470 2920 tempus,
489 2870 547 2906 man
561 2854 627 2906 mnis
679 2854 752 2921 quod
768 2857 859 2913 aiunt;
881 2867 909 2904 es
927 2852 992 2904 wircl
1010 2856 1091 2904 etwas
1109 2851 1195 2904 Neues

115 2925 157 2977 die
175 2926 262 2977 rechte
280 2924 336 2976 Zeit
354 2925 464 2975 wiblen.
679 2921 831 2986 eingetdlrrt.

150 2994 317 3061 ¹LAoeebpb'.
332 2991 416 3045 Prom.
426 2992 504 3043 vinet.
512 2994 560 3044 377
570 3005 628 3058 sqq.
714 2993 756 3042 21.
792 2990 909 3040 alienum
943 2992 1045 3053 ternpus
1074 2987 1195 3050 docendi,

115 3062 215 3129 spricbt
234 3060 363 3113 Oceanus:
681 3057 792 3110 ndmlich
809 3071 839 3108 so
857 3056 933 3121 lange
956 3054 1003 3106 der
1020 3054 1125 3107 bleascb
1142 3071 1194 3108 von

133 3126 246 3190 Οὔκουν,
263 3127 423 3198 Προμηθεῦ,
437 3129 518 3178 τοῦτο
529 3121 629 3198 yeynd-
681 3124 727 3176 der
744 3123 840 3176 Trauos
863 3123 925 3176 oder
946 3124 1060 3176 iiberhau
1081 3131 1091 3174 t
1111 3123 1194 3190 einem

388 3211 467 3258 onaan,
484 3188 528 3246 ὅτι
680 3192 768 3245 nuent
785 3192 1017 3244 beherrsclrlwlrd.
1075 3193 1119 3244 ber
1135 3209 1195 3254 per-

115 3259 531 3384 ..itltttztldt‘litlttd
540 3258 631 3333 ²⁶⁷⁰*
680 3261 1067 3394 mmmmm
1085 3259 1195 3326 ...nt

146 3397 213 3452 Ἐάν
230 3415 271 3451 τις
288 3401 319 3451 ἐν
337 3399 425 3470 καιρῷ
441 3417 472 3470 γε
483 3395 632 3468 μαλθάσσῃ
720 3399 761 3449 22.
792 3397 899 3448 uidetur
923 3397 1027 3447 uidisse.
1066 3394 1126 3446 llies
1151 3394 1195 3447 die

389 3468 454 3537 clap
686 3465 864 3532 gewbhnliche
882 3463 1000 3529 Stellung
1018 3462 1059 3514 bei
1076 3463 1121 3514 der
1134 3460 1195 3514 Ver-

149 3532 243 3604 καὶμὴ
255 3535 417 3606 σφριγῶντα
428 3530 522 3600 θυμὸν
534 3533 636 3598 ἰσχναι-
686 3533 801 3598 binduug
818 3533 902 3585 dieser
922 3531 1013 3584 beiden
1027 3530 1125 3588 Worte;
1148 3545 1195 3582 nur

388 3622 423 3674 νῃ
440 3607 497 3669 βίᾳ.
686 3616 761 3652 wenn
774 3602 864 3652 vidoro
875 3601 1000 3666 prignant
1011 3621 1045 3642 ι-
1057 3613 1147 3648 coram
1156 3602 1196 3648 ui-

152 3673 198 3720 cni
215 3686 276 3722 cum
293 3699 323 3708 -
335 3672 480 3737 respondit,
500 3669 549 3721 wic
561 3669 589 3722 ll.
609 3671 633 3735 8,
685 3669 799 3732 derebt,
810 3669 892 3735 pflegt
903 3683 931 3720 es
948 3681 1027 3718 vorari
1045 3681 1077 3717 nu
1095 3665 1195 3730 slehen,

117 3740 164 3790 20:
183 3744 228 3789 cue·
245 3753 304 3789 cum
321 3768 355 3776 —
372 3742 419 3790 ait.
685 3753 706 3790 z.
720 3735 749 3788 B.
767 3737 799 3788 dc
816 3736 860 3788 fin.
879 3735 909 3787 V.
928 3737 952 3798 2,
970 3737 1000 3786 4:
1022 3733 1101 3785 Modo
1125 3736 1195 3784 mim

153 3809 193 3859 10.
210 3806 237 3858 ln
255 3810 405 3858 orationem
416 3807 451 3858 ist
462 3810 489 3858 e'o
507 3806 546 3858 als
564 3806 632 3858 ciue
683 3805 740 3865 fuit
750 3805 840 3868 (lebte)
851 3802 1006 3867 Carneades,
1016 3817 1094 3867 quern
1104 3801 1196 3852 videre

117 3871 189 3926 Silbe
207 3889 239 3925 nu
256 3874 337 3926 lesen.
683 3873 785 3926 videor.

170 3973 249 4018 eruero
264 3974 357 4018 rusori.
372 3974 400 4018 11.
424 3977 444 4019 s.
458 3976 514 4018 nur.
973 3956 990 4006 4
