2822 4462
526 207 621 262 LIBER
637 207 656 264 Ι.
674 211 716 275 26,
735 213 776 264 61.
795 211 836 263 62.
1179 212 1218 270 67

130 379 191 440 hoc
216 379 366 441 nebuloso
389 389 418 441 et
440 379 602 460 caliginoso
619 380 701 442 caelo
724 391 775 452 aut
795 390 857 444 sata
876 393 926 444 ant
948 393 1088 446 concreta
1103 384 1220 449 videtur

131 473 215 526 tanta
231 465 277 526 vis
293 463 477 528 memoriae?
492 466 606 546 Siquid
621 466 728 528 sithoc
740 487 802 529 non
817 467 907 544 vides,
923 477 953 530 at
971 469 1058 549 quale
1072 470 1110 531 sit
1124 470 1217 532 vides:

131 551 157 612 si
181 569 220 611 ne
244 551 275 611 id
299 548 427 629 quidem,
450 561 479 612 at
502 560 645 632 quantum
668 553 707 613 sit
727 554 862 632 profecto
885 554 974 616 vides.
1013 554 1090 627 Quid
1105 552 1218 634 igitur?
1240 566 1268 615 61

131 644 236 696 utrum
248 635 440 716 capacitatem
453 637 580 716 aliquam
596 637 627 698 in
640 638 739 699 animo
751 648 890 720 putamus
902 659 976 714 esse,
993 659 1052 719 quo
1067 647 1216 719 tamquam

94 732 108 779 5
130 721 161 781 in
178 721 301 801 aliquod
315 740 364 783 vas
380 739 424 796 ea,
447 740 522 802 quae
538 721 738 797 meminimus
760 722 980 787 infundantur?
1002 723 1171 787 Absurdum
1186 725 1216 786 id

131 807 265 885 quidem.
304 806 362 878 Qui
377 807 456 868 enim
472 807 583 870 iundus
605 817 656 868 aut
677 826 753 888 quae
776 808 842 870 talis
862 809 952 871 animi
975 811 1069 889 ligura
1084 811 1216 889 intellegi

128 900 233 972 potest
246 902 297 953 aut
309 911 383 972 quae
396 902 476 955 tanta
493 894 616 954 omnino
630 892 798 974 capacitas?
821 893 865 956 dn
879 895 1009 975 imprimi
1021 896 1106 976 quasi
1117 914 1215 958 ceram

130 977 267 1039 animum
283 987 423 1059 putamus
439 988 468 1040 et
484 997 547 1040 esse
564 979 737 1041 memoriam
752 979 935 1058 signatarum
950 999 1051 1043 rerum
1067 981 1097 1042 in
1114 991 1214 1044 mente

128 1061 277 1142 vestigia?
323 1064 405 1136 Quae
426 1072 554 1144 possunt
574 1064 749 1139 vorborum,
778 1083 854 1144 quae
876 1084 974 1126 rerum
997 1067 1129 1146 ipsarum
1150 1085 1214 1130 esse

83 1157 109 1205 tt
131 1148 264 1230 vestigia,
281 1167 357 1228 quae
372 1167 463 1229 porro
475 1157 535 1210 tam
551 1150 686 1212 inmensa
696 1149 882 1228 magnitudo,
898 1169 973 1230 quae
985 1151 1033 1213 illa
1046 1161 1107 1213 tam
1123 1152 1213 1213 multa

129 1233 227 1312 possit
243 1232 409 1313 effingere?

217 1316 318 1390 Quint
334 1320 382 1382 illa
398 1320 440 1381 vis
452 1338 527 1400 qnae
541 1321 662 1382 tandem
673 1333 727 1394 est,
740 1338 815 1399 quae
830 1320 985 1400 investigat
996 1321 1120 1395 occulta,
1137 1338 1213 1401 quae

129 1403 264 1465 inventio
280 1413 369 1484 atque
385 1406 561 1486 excogitatio
577 1403 707 1466 dicitur?
732 1405 777 1466 Ex
789 1407 883 1468 hacne
899 1405 951 1468 tibi
967 1415 1086 1467 terrena
1103 1415 1212 1468 morta·
1235 1417 1263 1467 62

128 1489 210 1568 lique
229 1498 336 1551 natura
351 1492 501 1553 etcaduca
517 1500 656 1552 concreta
673 1510 706 1553 ea
721 1491 845 1564 videtur,
861 1501 912 1552 aut
927 1492 978 1572 qui
992 1492 1116 1572 primus,
1132 1493 1212 1570 qnod

81 1582 108 1630 15
129 1592 264 1636 summae
287 1576 448 1655 sapientiae
471 1570 654 1657 Pythagorae
669 1577 764 1639 visum
779 1586 832 1651 cst,
856 1577 995 1639 omnibus
1009 1576 1101 1640 rebus
1116 1577 1211 1656 impo-

131 1661 190 1721 suit
213 1661 346 1734 nomina‚
368 1670 418 1723 aut
441 1663 492 1740 qui
515 1662 670 1742 dissipatos
692 1663 829 1724 homines
852 1663 1042 1742 congregavit
1064 1673 1093 1724 et
1110 1662 1147 1725 ad
1162 1682 1211 1724 so·

168 1848 191 1899 1.
217 1846 333 1897 techel
358 1847 498 1912 quiricii:
534 1845 581 1898 doc
599 1845 646 1898 Ge·
700 1846 892 1899 accidentielles
909 1846 1024 1898 Moment
1046 1845 1130 1899 hinnu.
1165 1844 1211 1897 Die

133 1911 261 1967 dacntnis.
699 1915 734 1966 im
746 1913 892 1966 [teutschen
909 1912 1209 1979 dblicheVerbindnngs-

165 1984 190 2062 3ἶ
210 1981 284 2045 Quid
304 1984 410 2062 igitur?
437 1981 510 2032 leitet
527 1980 569 2033 die
587 1996 647 2049 apa·
698 1982 809 2049 partikel
823 1982 952 2064 zwischen
965 1981 1030 2035 zuei
1044 1982 1069 2031 in
1082 1981 1210 2061 verschie-

129 2049 647 2180 1111111111111111111111111
697 2049 1210 2184 111111111111111111

130 2183 222 2252 haupt)
240 2186 379 2253 gottlicher
393 2184 475 2238 Natur
493 2186 529 2239 aei
558 2187 608 2239 ein.
697 2186 1209 2253 tirsirtzenmniaimLateinischenweg·

163 2256 188 2307 4.
219 2257 410 2321 capacitatem,
447 2254 488 2307 nu
522 2225 573 2308 tu
597 2271 645 2308 nur
696 2254 1208 2322 stercen.incarnacionem.

131 2322 266 2374 riumliclr:
289 2320 468 2375 nmioasender
486 2321 575 2375 Raurn.
697 2326 773 2388 8,21ε
792 2327 915 2390 caritate,
933 2341 1002 2390 quac
1017 2328 1056 2375 est
1071 2327 1144 2375 inter
1160 2339 1209 2374 na-

162 2393 186 2442 5.
204 2392 359 2442 Ait-surdum
378 2392 408 2441 id
428 2391 543 2457 quidam,
561 2392 586 2442 in
599 2391 644 2443 der
696 2396 738 2442 tos
756 2397 782 2443 at
796 2397 936 2459 parentes,
956 2409 1024 2458 quac
1041 2392 1137 2443 dirimi
1152 2394 1207 2442 nisi

129 2457 256 2523 Antwort‚
275 2460 326 2510 wie
345 2461 369 2525 8,
381 2463 413 2512 11
422 2477 428 2508 :
447 2459 597 2526 Superbum
615 2460 646 2510 id
696 2460 847 2513 detestabili
863 2461 961 2512 scetere
979 2477 1033 2512 non
1049 2465 1143 2526 potest.

130 2527 236 2590 quidem
254 2532 300 2579 cst.
589 2549 592 2554 Α
731 2531 771 2581 14.
791 2534 901 2589 notura,
919 2527 994 2581 stoff.

159 2596 183 2647 6.
211 2596 332 2661 intellegi
361 2601 460 2663 potest:
492 2596 561 2648 kann
584 2611 642 2648 man
729 2599 1008 2662 autquiprimuscet.
1021 2594 1206 2646 Cicerowollte

127 2661 180 2713 sich
200 2662 319 2716 denken't
694 2662 735 2714 die
754 2663 862 2715 Pertode
880 2670 947 2714 etwa
966 2663 1013 2714 mit
1030 2661 1079 2713 den
1099 2661 1205 2713 Worten

159 2733 184 2782 ’1.
205 2735 328 2796 imprimi
340 2730 495 2797 (Eindrdclte
516 2730 641 2794 erhilten)
693 2731 845 2782 schlicisen:
870 2734 960 2781 oium
980 2733 1086 2782 animm
1103 2746 1138 2779 aar
1155 2731 1206 2780 itoc

143 2801 205 2850 oasa·
235 2816 339 2863 coram,
375 2801 427 2851 wie
463 2799 507 2851 der
537 2798 641 2852 Stoiker
692 2801 744 2850 tibi
761 2804 870 2850 terrena
890 2804 990 2850 natura
1009 2801 1149 2850 concretus
1166 2799 1205 2846 oi·

126 2814 382 2920 lleanthesmeinte.
408 2867 471 2919 ann
483 2867 574 2919 Ansdr.
587 2868 640 2935 rgl.
692 2867 772 2919 detur
789 2866 889 2929 suisset
911 2865 981 2918 Aber
993 2864 1072 2918 durch
1085 2865 1125 2916 die
1138 2862 1204 2916 llan-

126 2933 164 2988 ad.
184 2935 244 2988 lam.
262 2935 294 2988 V.
314 2938 359 2999 26,
379 2941 406 2990 5:
431 2935 506 3000 Quae
523 2951 583 2987 cum
601 2939 640 2986 ci-
692 2935 755 3001 iung
778 2935 823 2988 der
845 2934 984 2988 Godanlren
1007 2934 1041 2986 ist
1069 2934 1110 2986 die
1135 2932 1203 2984 llon·

126 3002 212 3054 derem
237 3009 277 3056 tot
298 3007 419 3070 vestigiis
442 3007 572 3070 impressa
599 3005 640 3057 iirr
691 3003 820 3056 struktion
838 3004 957 3055 verwirrt
975 3002 1081 3055 worden
1104 3001 1156 3053 ond
1174 3015 1202 3053 es

125 3069 169 3122 das
192 3073 400 3138 gewdhnliclrere
423 3076 520 3139 quitur
541 3102 573 3112 —
599 3078 639 3124 tot
690 3071 757 3138 iolgt
774 3077 878 3124 cretam
893 3072 963 3124 Ende
981 3072 1027 3124 des
1046 3072 1061 3136 ξ
1080 3071 1126 3123 das
1139 3069 1203 3122 Felt-

125 3143 237 3224 acstigia
255 3144 393 3207 impressa,
412 3142 467 3193 also
480 3141 531 3192 wie
543 3143 639 3193 imeri·
690 3140 765 3224 lende
783 3138 1096 3224 'innuerinderter’l'or‘m'z
1113 3143 1138 3188 ia
1155 3139 1201 3190 do-

125 3207 637 3346 111111111111111111
689 3213 751 3329 tt
763 3210 876 3328 ’11
886 3209 1124 3344 111ῖὲ11111
1136 3222 1201 3326 111.

125 3340 288 3398 konstruiert.
689 3346 831 3397 adsecutus
849 3350 894 3399 ost.
968 3387 969 3392 ,

158 3416 197 3466 16.
224 3415 385 3480 magnitudo
403 3437 437 3458 ιι
455 3431 498 3466 res
524 3415 637 3480 (tabula)
725 3415 1026 3479 15.imporaitnomina.
1037 3409 1201 3463 Dochfindet

126 3481 251 3533 immerita
267 3482 459 3548 magnitudine
464 3501 475 3546 ‚·
492 3481 634 3547 effingere:
686 3482 741 3534 sich
760 3481 825 3534 anch
843 3482 923 3534 sehon
942 3481 984 3532 bei
1002 3480 1050 3532 den
1063 3479 1140 3530 Alten
1158 3477 1199 3528 die

127 3547 229 3603 bildlich
247 3551 394 3617 darstellcn‚
412 3551 600 3615 wiedergeben.
687 3550 761 3602 tieler
783 3549 900 3616 gehende
927 3547 1046 3612 instent,
1073 3547 1130 3598 deis
1156 3545 1198 3597 die

19 3667 20 3674 ,
158 3620 196 3670 12.
211 3619 301 3683 Quid?
313 3621 362 3672 illa
374 3626 414 3671 cis
427 3626 514 3685 cet.‚s.
528 3620 544 3684 §
557 3623 589 3672 61
603 3633 634 3670 an
687 3617 784 3670 Namen
804 3617 849 3668 der
860 3616 941 3682 llinge
955 3617 1025 3667 nicht
1038 3615 1125 3679 θέσει,
1142 3629 1198 3664 was

125 3689 248 3753 primum.
687 3684 850 3753 Pythagoras
862 3685 979 3745 annuum,
994 3684 1103 3736 condem
1118 3686 1197 3753 φύσει

157 3772 224 3820 quoe
243 3757 391 3820 investigat
416 3761 465 3808 cet.
500 3753 549 3808 Der
567 3760 636 3806 erote
687 3753 840 3805 eatstanden
856 3753 938 3812 selem
957 3767 987 3803 so
1005 3752 1047 3804 bei
1060 3751 1134 3802 Plato
1152 3751 1196 3814 (im

127 3822 281 3876 Relativaatz
297 3823 513 3890 vervollstdndigt
525 3823 573 3874 den
588 3821 635 3874 Be·
687 3821 817 3888 cratylus)
836 3820 885 3872 und
905 3821 945 3870 bei
965 3820 1014 3871 den
1033 3818 1161 3872 Stoikern.

126 3890 182 3958 grid
194 3893 242 3944 des
254 3891 351 3958 Sabat,
363 3891 407 3943 der
420 3892 513 3944 zweite
526 3892 581 3958 idgt
593 3891 635 3943 ein
722 3891 761 3942 16.
779 3891 817 3939 ad
833 3891 984 3939 societatem
1001 3891 1085 3954 uitae,
1103 3887 1154 3953 vgl.
1164 3883 1194 3934 V.

955 3974 992 4025 5*
