2790 4476
502 260 597 314 LIBER
613 260 641 314 ll.
660 263 701 326 25,
719 264 762 316 611.
780 264 822 318 61.
1132 267 1192 324 145

105 417 215 504 ‘Quia,
238 434 281 505 si,
305 451 373 494 eum
390 442 506 496 tantum
523 453 630 514 operae
646 435 850 515 philosophiae
873 435 1035 511 dedissem,
1058 437 1190 500 dolorem

109 523 209 576 tamen
239 517 321 579 ferre
351 538 413 580 non
436 538 567 599 possem,
597 520 667 582 satis
695 531 773 582 esset
800 522 967 601 argumenti
994 521 1104 587 malum
1128 542 1192 586 esse

110 599 261 678 dolorem;
285 604 432 683 plurimos
451 615 550 667 autem
569 624 665 667 annos
686 605 718 666 in
733 605 918 687 philosophia
941 609 1113 688 consumpsi
1136 627 1192 671 nec

109 685 191 747 ferre
213 706 352 767 possum;
377 690 485 751 malum
508 699 552 753 est
573 690 663 768 igitur
685 688 790 751 dolor'.
827 692 903 752 Tum
920 691 1100 769 Cleanthem,
1123 712 1191 756 cum

60 782 82 829 5
107 772 187 850 pede
203 781 316 834 terram
333 775 536 854 percussisset,
552 794 669 837 versum
685 794 720 836 ex
736 775 880 856 Epigonis
896 779 998 840 lerunt
1012 779 1133 842 dixisse:

269 858 397 922 dudlsue
409 860 486 933 baec,
501 860 683 942 Amphiarae,
698 861 750 922 sub
765 869 874 923 teram
889 861 1005 926 abdite?

109 941 265 1005 Zenonem
281 945 476 1023 significabat,
498 964 588 1025 aquo
610 946 693 1008 illum
709 945 889 1026 degenerare
905 948 1032 1011 dolebat.
1067 950 1105 1010 At
1128 969 1189 1011 non
1213 963 1242 1013 61

111 1036 216 1090 noster
231 1030 418 1106 Posidonius,
441 1050 530 1111 quem
553 1041 583 1093 et
604 1031 667 1111 ipse
692 1049 780 1111 saepe
801 1033 858 1092 vidi
881 1042 910 1094 et
932 1033 960 1092 id
977 1033 1087 1109 dicam,
1111 1036 1191 1116 quod

109 1113 228 1176 solebat
252 1134 373 1178 narrare
395 1117 562 1198 Pompeius,
585 1135 627 1190 se,
649 1135 718 1178 cum
733 1117 872 1178 Rhodum
895 1119 1020 1180 venisset
1045 1118 1192 1183 decedens

47 1209 83 1258 10
105 1217 144 1259 ex
168 1200 267 1280 Syria,
290 1201 392 1264 audire
414 1203 542 1265 voluisse
564 1202 771 1279 Posidonium;
800 1202 852 1264 sed
875 1221 943 1264 cum
972 1204 1101 1266 audisset
1123 1225 1190 1267 eum

110 1286 240 1362 graviter
263 1305 327 1349 esse
349 1306 486 1368 aegrum,
510 1288 590 1369 quod
611 1289 802 1349 vehementer
824 1287 887 1349 eius
909 1298 990 1350 artus
1012 1288 1191 1364 laborarent,

109 1369 241 1432 voluisse
265 1382 363 1433 tamen
386 1373 602 1436 nobilissimum
624 1371 834 1453 philosophum
851 1373 961 1449 visere;
984 1392 1073 1452 quem
1096 1383 1129 1436 ut
1148 1377 1190 1437 vi-

110 1455 204 1518 disset
219 1465 249 1518 et
264 1458 447 1521 salutavisset
465 1458 697 1538 honorificisque
718 1458 816 1520 verbis
831 1467 1008 1538 prosecutus
1029 1468 1107 1522 esset
1127 1479 1190 1520 mo-

109 1539 248 1621 lesteque
262 1562 294 1604 se
310 1544 431 1607 dixisset
451 1547 539 1619 lerre,
563 1543 643 1624 quod
665 1562 734 1604 eum
749 1563 812 1604 non
833 1552 935 1624 posset
949 1545 1061 1621 audire,
1083 1554 1113 1606 at
1127 1545 1189 1607 ille:

50 1634 89 1686 15·
105 1618 170 1688 ‘Tu
183 1619 263 1689 vero’
288 1629 386 1708 inquit
401 1625 510 1710 ‘potes
533 1648 589 1691 nec
608 1629 799 1704 committam,
823 1639 856 1691 nt
875 1629 961 1691 dolor
975 1630 1110 1710 eorporis
1125 1632 1189 1692 effi-

109 1713 181 1787 ciat,
204 1721 238 1773 ut
252 1715 361 1776 frustra
376 1724 477 1777 tantus
496 1715 541 1776 vir
563 1713 598 1775 ad
613 1733 661 1776 me
683 1711 818 1775 venerit?
849 1714 951 1794 ltaque
967 1714 1106 1777 narrabat
1121 1735 1189 1777 eum

108 1798 242 1878 graviter
264 1807 293 1859 et
314 1801 435 1880 copiose
456 1800 493 1862 de
516 1801 573 1860 hoc
595 1799 669 1878 ipso,
694 1798 768 1860 nihil
791 1799 1007 1875 essebonum,
1030 1801 1087 1862 nisi
1110 1803 1190 1880 quod

147 2036 170 2086 1.
188 2037 212 2084 si
230 2039 288 2098 eet,
306 2035 363 2086 eine
381 2033 456 2087 dorm
474 2034 519 2087 des
539 2034 625 2103 Syllo·
677 2039 716 2086 tot
727 2033 1190 2103 war,arsulesntuesdiesdespreeh

108 2102 218 2166 giemus,
237 2102 330 2154 dessen
343 2103 398 2154 sich
411 2103 453 2155 die
466 2102 570 2156 Stoilrer
581 2119 626 2156 zur
677 2103 724 2154 mit
742 2102 882 2170 lliouysius
900 2103 979 2156 hatte.

108 2169 285 2235 Einlrleidung
295 2172 363 2223 ihrer
373 2171 448 2223 Siatze
458 2187 489 2223 au
500 2173 625 2224 bedieneu
712 2175 735 2223 7.
758 2171 932 2235 significabat
948 2172 1042 2239 spielte
1060 2187 1093 2224 an
1111 2172 1163 2226 aul.

108 2238 233 2304 pflegten.
271 2238 317 2291 Die
344 2240 414 2292 Goui.
439 2238 543 2308 quupl.
574 2239 626 2292 und
712 2241 736 2294 8.
753 2241 925 2304 Posidonius,
957 2256 1004 2292 aus
1021 2240 1135 2307 Apamea
1163 2241 1189 2293 in

109 2307 184 2372 lmpl.
203 2307 308 2370 slehen,
332 2309 393 2360 weil
415 2307 488 2360 Dion.
507 2310 561 2361 sein
580 2323 626 2360 zur
678 2307 770 2376 Syrien
789 2308 919 2374 gebdrtig,
938 2307 1055 2372 Stoilrer,
1077 2309 1123 2362 des
1143 2307 1189 2362 Pa·

108 2374 263 2427 Zeitseiner
276 2375 500 2442 Sinuesauderung
518 2378 562 2429 ibn
582 2377 626 2428 be·
677 2377 763 2429 nitius
782 2375 900 2440 Schdler,
923 2376 1007 2438 lehrte
1029 2377 1056 2428 in
1074 2376 1190 2443 Rhodus,

109 2443 278 2496 stimmendes
290 2443 383 2507 Urteil;
402 2448 433 2506 si,
452 2460 512 2495 eam
529 2474 563 2484 -
580 2446 624 2496 de·
676 2460 718 2496 wo
736 2444 823 2496 ludher
839 2448 882 2509 (78
894 2460 919 2498 v.
931 2445 998 2508 Chr.)
1016 2445 1082 2498 auch
1100 2446 1188 2498 Cicero

108 2511 204 2574 deam,
223 2517 312 2563 tamen
323 2543 356 2554 -
369 2529 486 2580 possum,
502 2517 569 2565 satis
586 2519 625 2565 set
675 2513 719 2564 ihn
730 2513 812 2578 hbrte,
826 2513 872 2564 der
881 2514 946 2565 uach
955 2514 1051 2567 selueru
1062 2513 1189 2566 llonsulat

109 2594 169 2645 arg.
201 2581 375 2633 erzhhlend
408 2581 526 2633 mitteilt:
555 2581 623 2634 Weil
675 2581 722 2632 mit
740 2581 791 2632 ihm
813 2582 878 2633 auch
898 2580 981 2633 Brieie
1002 2582 1140 2634 wechselte
1158 2590 1188 2645 (s.

108 2653 149 2711 (so
168 2651 265 2701 meinte
282 2650 334 2714 ich)
351 2666 376 2701 u.
395 2665 415 2701 s.
432 2665 464 2703 w.
499 2648 547 2701 blit
563 2651 623 2715 plu·
675 2648 706 2699 ad
726 2648 778 2706 att.
794 2647 823 2701 ll.
845 2653 867 2712 1,
885 2651 919 2714 2).
955 2648 1038 2700 Daher
1055 2654 1155 2701 noster.

107 2719 193 2767 νιήιοι
216 2723 306 2768 autem
330 2733 416 2769 annos
441 2722 490 2769 eet.
517 2717 573 2783 lrigt
596 2733 624 2769 er
709 2717 739 2767 id
755 2717 858 2768 dicam:
883 2715 954 2767 nicht
978 2715 1091 2768 seltener
1108 2704 1188 2767 buer-

107 2800 161 2836 uon
180 2786 279 2838 seinem
302 2785 511 2852 gegeuwiartigen
531 2785 624 2837 Stand-
675 2799 743 2850 gang
761 2782 877 2846 eusdem
889 2782 1047 2836 Relativsatz
1066 2785 1092 2835 in
1111 2784 1186 2836 einen

108 2852 194 2919 punlrt
216 2869 262 2906 aus
285 2855 342 2906 eine
365 2869 494 2920 genenere
512 2853 623 2905 Bestim·
675 2851 824 2919 llauptsatz.

108 2936 190 2986 mung
211 2924 254 2988 (zu
277 2927 384 2973 tantam
408 2923 515 2987 operae)
537 2922 623 2986 hinzu,
709 2923 733 2972 9.
751 2919 878 2970 decedens
897 2935 932 2969 eae
953 2917 1046 2986 Sps-ia,
1074 2919 1187 2972 welches

108 2989 226 3041 weshalb
262 3006 290 3041 er
324 2990 389 3042 auch
424 2989 473 3042 deu
504 2989 623 3041 irdhereu
674 3003 702 3040 er
720 3003 765 3038 aur
782 2986 926 3038 romischeu
941 2985 1051 3039 Provinz
1069 2989 1188 3054 gemacht

108 3056 214 3110 Schluls
231 3060 333 3110 malum
350 3063 391 3109 est
407 3061 426 3110 i.
445 3058 470 3110 d.
490 3059 528 3110 als
547 3059 622 3111 einen
674 3056 754 3120 hatte,
772 3055 806 3106 im
824 3054 902 3107 Jahre
921 3057 963 3108 64.

108 3127 175 3177 noch
199 3127 376 3193 gegenwdrtig
398 3126 439 3178 ldr
461 3127 505 3178 ihn
524 3128 622 3194 gelten-
710 3126 832 3177 llas-tas
843 3125 1005 3176 laborarent.
1024 3124 1056 3175 Er
1066 3125 1136 3177 hatte
1147 3125 1187 3178 die

108 3193 157 3246 den
177 3195 337 3248 wiederholt.
674 3191 810 3261 ἀρθριτιι,
829 3191 853 3245 d.
866 3191 890 3246 h.
903 3191 980 3244 Gieht
997 3193 1049 3244 und
1060 3192 1187 3260 Podagra.

142 3299 166 3350 5.
186 3314 221 3348 aa
238 3297 380 3362 Epigonis.
403 3288 462 3347 ‘Die
480 3296 500 3346 Ε
519 3289 622 3362 igouen’
709 3263 749 3314 1²·
773 3265 865 3360 tamen·
885 3261 1058 3344 ’1901ῧέ1018,
1085 3261 1138 3346 Vel:
1162 3279 1187 3328 p.

105 3365 141 3430 (d.
149 3367 173 3418 h.
189 3365 276 3417 Sdhne
289 3366 334 3416 der
344 3364 438 3417 Sieben
449 3313 622 3430 vorhheben)
674 3328 740 3382 sm·
760 3331 801 3391 ²9⁹
819 3331 865 3382 ⁶3·
890 3346 942 3396 4²⁴⁰
960 3347 983 3380 ‘²
1002 3335 1058 3380 tum
1076 3337 1188 3395 18711101,

344 3437 354 3448 .
557 3435 562 3446 .
672 3413 713 3447 me
738 3402 826 3448 tamea
848 3403 949 3449 socium
972 3414 1083 3450 suorum
1106 3401 1136 3448 in
1157 3415 1187 3449 re

106 3448 159 3485 uon
176 3433 323 3501 Aeschylus
341 3433 487 3485 ubersetzte
503 3434 604 3485 Accius.
668 3467 745 3532 publ·
765 3467 939 3518 comitiorum
956 3467 1048 3517 videre
1065 3470 1160 3528 pomp.

142 3536 166 3586 6.
190 3537 386 3600 Amphiaraus,
409 3534 454 3586 der
471 3533 552 3586 Seber
575 3549 622 3586 aus
709 3537 750 3586 14.
773 3539 803 3585 at
819 3535 865 3585 ille
882 3563 916 3573 -
933 3538 963 3584 in
982 3538 1031 3598 ait,
1048 3532 1187 3598 Ubergang

107 3604 200 3669 Argos,
218 3603 264 3655 der
277 3603 357 3655 durch
370 3603 421 3654 den
430 3601 521 3654 Verrat
538 3603 622 3654 seiner
673 3617 718 3654 zur
741 3601 828 3654 Oratio
853 3608 931 3654 reeta.
965 3552 1024 3669 bgr.
1049 3605 1078 3667 7,
1099 3604 1129 3652 l'l
1154 3616 1185 3652 nu

106 3671 326 3740 Gattiullriphple
336 3687 368 3723 an
378 3671 464 3723 selues
471 3669 622 3736 Schwagers
673 3670 811 3732 Adfirmat
827 3698 861 3708 -
879 3669 956 3720 dieat.

106 3739 232 3792 Adrastus
250 3740 320 3806 Zuge
339 3755 422 3806 gegen
440 3738 546 3790 Theben
565 3737 622 3790 teil·
708 3741 748 3791 15.
771 3737 810 3789 Tu
826 3754 891 3789 vero
909 3738 982 3802 nelo,
1000 3736 1033 3787 du
1045 3735 1140 3788 kannst
1158 3751 1186 3788 es

106 3809 252 3860 aunehmen
261 3806 622 3874 gendtigt,aberalsbaldvou
673 3805 748 3869 dccli,
767 3807 815 3856 wie
833 3805 964 3869 1.aa,55;
983 3819 1009 3886 s.)
1018 3819 1040 3856 z.
1058 3803 1076 3856 l.
1090 3806 1130 3865 11,
1144 3806 1186 3857 25.

104 3875 151 3928 der
169 3875 235 3928 Erde
261 3877 448 3941 verschlnngeu
469 3874 563 3926 wurde.
588 3903 621 3912 —
710 3877 748 3926 16.
771 3867 948 3938 ltaque‘uud
966 3887 995 3924 so
1036 3873 1128 3939 gehdrt
1154 3888 1187 3923 zu

105 3943 155 3998 Das
168 3946 237 3998 (litat
249 3944 367 4008 beueisl,
386 3943 441 3995 deis
453 3942 522 3996 Zeno
541 3943 621 3996 sehon
673 3941 857 4008 disputavisse.

157 4037 234 4081 Cicero
248 4036 370 4098 Tusculi
390 4037 409 4080 9.
422 4036 483 4080 And.
950 4030 979 4080 10
