2804 4474
147 180 166 238 8
523 179 618 232 LIBER
635 179 673 234 lll.
691 183 750 245 he.
769 183 845 246 5,1e.

149 364 195 416 est
207 354 243 414 de
251 353 308 414 vita
320 353 392 414 etde
400 353 544 428 moribus,
556 353 742 433 philosophia
754 353 891 413 manavit.
916 354 948 414 A.
956 352 1093 424 Quonam
1105 351 1249 412 tandem

148 436 260 501 modo?
287 438 328 500 M.
346 437 421 509 Quia
436 457 547 499 nomen
563 437 696 500 insaniae
711 437 858 515 significat
869 437 978 499 mentis
992 437 1248 517 aegrotationem

149 533 179 584 et
192 523 333 584 morbum
345 520 385 605 [id
401 533 446 584 est
457 523 643 584 insanitatem
656 533 686 583 et
697 531 850 602 aegrotum
862 522 1004 593 animum,
1020 541 1109 601 quam
1123 521 1245 601 appel-

98 619 125 668 ·9
146 608 247 670 larunt
261 607 415 670 insaniam.
443 607 547 669 Omnis
559 616 656 668 autem
669 608 908 686 perturbationes
920 605 1010 668 animi
1027 605 1149 668 morbos
1160 605 1244 685 phi·
1398 687 1399 692 ἵ

148 691 1240 772 losephiappellantnegantquestultumquemquambismorhisvacare3
1271 699 1292 749 5

148 778 199 856 qui
214 786 313 840 autem
328 777 359 839 iu
372 775 570 851 morbosum,
585 777 649 839 sani
660 797 722 838 non
735 787 815 852 sunt,
832 787 861 839 et
876 777 1010 839 omnium
1022 775 1241 856 insipientium
1384 780 1390 817 ⁵

147 863 238 924 animi
254 863 284 923 in
300 861 405 924 morbo
420 871 504 924 sunt:
522 881 625 924 omnes
639 861 815 942 insipientes
830 862 920 940 igitur
931 857 1108 944 insaniunt].
1140 861 1239 922 Sani-

148 957 236 1010 tatem
255 947 335 1008 enim
350 947 519 1008 animorum
530 946 657 1027 positam
672 947 703 1007 in
722 947 935 1026 tranquillitate
947 947 1073 1026 quadam
1085 956 1237 1007 constan·

146 1032 245 1110 tiaque
268 1031 447 1106 censebant;
470 1032 515 1092 his
537 1031 627 1093 rebus
648 1041 781 1093 mentem
795 1051 916 1094 vacuam
935 1032 1124 1111 appellarunt
1145 1035 1234 1093 insa-

146 1121 237 1190 nium,
250 1126 406 1198 propterea
416 1116 496 1196 quod
504 1117 534 1176 in
545 1117 718 1197 perturbato
729 1117 921 1192 animo‚sicut
931 1117 961 1178 in
971 1134 1108 1196 corpore,
1117 1117 1233 1178 sanitas
1263 1123 1303 1174 1⁰

147 1220 288 1263 essenon
306 1212 415 1281 posset.

107 1269 127 1322 5
230 1286 291 1347 Nec
305 1287 405 1348 minus
416 1286 488 1347 illud
499 1298 595 1362 acute,
611 1287 691 1365 quod
706 1286 797 1347 animi
808 1287 1004 1348 adlectionem
1013 1281 1127 1348 lumine
1140 1303 1231 1346 men-

94 1349 124 1400 ¹⁰
146 1370 183 1432 tis
194 1381 347 1432 carentem
361 1373 591 1432 nominaverunt
600 1375 757 1434 amentiam
772 1372 956 1453 eandemque
968 1371 1149 1433 dementium.
1179 1370 1231 1431 Ex

146 1474 205 1536 quo
225 1456 457 1536 intellegendum
481 1465 526 1518 est
548 1476 613 1530 eos,
636 1457 686 1535 qui
701 1457 775 1518 haec
798 1457 887 1518 rebus
910 1455 1032 1517 nomina
1048 1464 1229 1534 posuerunt,

144 1541 273 1602 sensisse
295 1542 352 1601 hoc
375 1541 468 1612 idem,
493 1541 573 1620 quud
596 1561 612 1602 a
634 1540 755 1602 Socrate
778 1550 933 1620 acceptum
957 1540 1115 1618 diligenter
1134 1540 1229 1601 Stoici
1254 1547 1291 1597 15

142 1625 344 1697 retinuerunt,
361 1626 457 1686 omnis
468 1626 637 1707 insipientis
650 1644 714 1688 esse
727 1645 787 1687 non
800 1645 898 1688 sanos.
929 1625 985 1696 Qui
1003 1636 1046 1687 est
1061 1625 1143 1686 enim
1158 1625 1229 1686 ani-

144 1728 212 1770 mus
227 1709 259 1772 in
274 1711 372 1789 aliquo
388 1711 553 1772 morbo-
575 1711 697 1772 morbos
712 1720 811 1771 autem
833 1711 888 1772 hos
910 1707 1099 1790 perturbatos
1115 1722 1228 1786 motus,

144 1803 177 1854 ut
187 1796 276 1856 modo
289 1795 357 1870 uixi,
374 1795 543 1876 philosophi
554 1796 705 1875 appellant
716 1830 774 1871 -,
791 1815 853 1857 non
868 1795 961 1874 magis
977 1803 1021 1856 cst
1031 1813 1122 1856 sanus
1133 1813 1229 1875 qnam

144 1879 173 1938 id
189 1898 308 1960 corpus,
324 1881 404 1959 quod
419 1881 449 1941 in
466 1880 571 1941 morbo
586 1891 639 1942 est.
670 1880 714 1942 lta
729 1882 762 1941 lit
775 1889 809 1941 ut
822 1880 966 1959 sapientia
981 1880 1091 1942 sanitas
1105 1881 1144 1941 sit
1158 1880 1226 1941 ani-

143 1963 193 2037 mi,
209 1965 380 2045 iusipieutia
395 1976 494 2027 autem
509 1966 591 2045 quasi
607 1965 750 2028 insanitas
765 1965 925 2044 quaedam,
948 1983 1022 2043 quae
1045 1974 1091 2026 est
1105 1965 1227 2026 insania
1252 1974 1281 2024 m

143 2051 307 2128 eademque
325 2051 491 2124 dementia;
513 2051 667 2130 multoque
690 2049 796 2112 melius
811 2051 884 2111 haec
908 2059 1008 2110 notata
1029 2059 1101 2110 sunt
1123 2049 1225 2112 verbis

60 2131 63 2137 ’
144 2133 257 2195 Latinis
273 2153 361 2212 quam
378 2135 511 2209 Graecis,
535 2137 615 2214 quod
629 2135 694 2198 aliis
709 2153 828 2215 quoque
843 2134 943 2196 multis
958 2134 1031 2196 locis
1046 2135 1224 2214 reperietur.

142 2316 268 2380 grdndete
285 2322 337 2368 erst
350 2317 391 2369 die
403 2315 488 2370 lltbik.
516 2316 575 2384 Vgl.
587 2317 618 2370 V.
632 2322 656 2384 1,

144 2387 184 2436 10.
202 2411 237 2421 -
260 2383 296 2435 Zu
320 2401 374 2434 erre
397 2385 430 2436 de
446 2412 480 2421 —
498 2401 550 2437 von
574 2393 656 2438 etwas

142 2442 268 2503 handeln'
286 2453 337 2517 vgl.
355 2453 373 2505 l.
393 2456 433 2516 ll,
451 2455 491 2506 24.

181 2538 204 2588 2.
231 2553 328 2588 nomen
354 2540 490 2600 insaniae,
514 2537 567 2604 vgl.
592 2553 613 2589 z.
637 2538 654 2590 l.

142 2606 183 2670 15,
202 2607 247 2657 34:
264 2606 410 2656 mercedem
424 2605 540 2670 gloriae.

180 2675 205 2726 4.
229 2676 389 2740 perturbato
414 2673 507 2740 gehdrt
534 2673 599 2726 auch
622 2689 655 2726 zu

140 2756 261 2806 corpore.

176 2813 215 2863 ll.
235 2815 313 2862 acute
331 2825 366 2861 se.
385 2810 486 2861 dietum
505 2814 551 2862 sat.

174 2881 407 2930 animi-mentis.
430 2877 588 2928 Animusist
600 2877 654 2929 hier

140 2945 167 2996 in
186 2945 316 2996 welterem
335 2944 413 2997 Sinne
433 2945 479 2997 das
496 2945 590 3004 Gerae,
608 2946 654 2997 der

140 3010 224 3070 Geisli
248 3029 321 3063 mnae
342 3013 412 3064 einer
436 3012 481 3064 der
503 3013 557 3065 drei
581 3011 654 3065 Teile

139 3079 289 3132 desselben:
314 3079 361 3131 das
378 3079 602 3148 benkvermdgem
626 3082 653 3132 in

139 3147 223 3198 seiner
240 3145 411 3212 Annendung
432 3147 509 3199 beilst
526 3163 554 3200 es
572 3152 653 3200 ratio.

138 3211 198 3278 llgl.
215 3213 233 3265 l.
254 3217 293 3278 10,
312 3217 352 3267 20.

156 3299 562 3351 '12.amentiom-dementiam.
581 3299 652 3352 Leta-

138 3370 192 3417 tere
210 3365 244 3418 ist
263 3366 309 3418 dns
323 3365 573 3432 Abgelrommensein
591 3384 651 3420 vom

138 3433 479 3500 gesundenVerstende‚den
486 3435 556 3487 einer
566 3434 652 3487 ludher

137 3502 223 3554 besals
241 3502 391 3570 (gleichsam
413 3504 446 3554 de
464 3508 538 3554 statu
555 3507 651 3554 mentia

137 3569 267 3621 edoctum
285 3587 340 3621 esse
362 3570 423 3622 oder
444 3573 509 3623 auch
527 3587 601 3622 mem
618 3573 651 3622 de

135 3642 209 3688 statu
220 3655 268 3691 suo
282 3640 401 3704 deiecta),
419 3639 470 3690 und
488 3639 584 3692 inisert
595 3640 650 3691 sich

137 3703 209 3756 aktiv
219 3705 298 3758 durch
307 3706 650 3774 unverndnltigesllandeln,

136 3773 187 3824 wie
210 3773 251 3825 bei
275 3775 331 3826 dem
350 3775 502 3838 Erzdrnten,
528 3775 650 3826 wibrend
702 3761 726 3822 3.

135 3845 254 3892 orrentia
263 3841 311 3893 deu
318 3841 523 3907 Nichtgebrnuch
533 3843 579 3894 des
588 3841 648 3894 Ver-

708 2316 813 2369 standes
835 2317 999 2384 bezeichnet,
1023 2317 1072 2369 wie
1090 2333 1114 2370 z.
1131 2317 1162 2372 B.
1181 2317 1225 2370 bei

708 2384 766 2437 dem
784 2384 937 2438 Betiubten.

744 2456 784 2506 13.
795 2459 905 2504 nomina
921 2458 1070 2520 posuerunt
1085 2453 1126 2504 hir
1137 2455 1225 2520 impo-

706 2525 828 2586 morunt,
846 2522 912 2573 auch
930 2528 1003 2574 sonst
1021 2521 1165 2573 bisweilen.

744 2607 782 2658 15.
801 2623 819 2657 a
837 2606 949 2658 Socrate
966 2611 1110 2670 acceptum,
1129 2605 1225 2659 beson-

707 2671 765 2725 ders
783 2689 830 2726 aus
848 2673 906 2725 dem
924 2672 1007 2724 Aleib.
1025 2673 1067 2736 ll.,
1089 2673 1135 2725 der
1152 2688 1225 2726 auor

706 2740 778 2793 nicht
795 2757 847 2792 von
858 2741 934 2793 Plato
947 2740 1063 2804 verlalst,
1082 2741 1144 2792 aber
1155 2756 1224 2807 ganz

707 2807 858 2860 Schrntisch
876 2811 918 2862 ist.

742 2879 782 2929 16.
793 2877 972 2942 passaranum
980 2879 1086 2928 animur
1095 2879 1144 2929 cet.
1162 2875 1224 2929 Die-

706 2959 747 2996 ser
756 2944 816 2997 Satz
827 2945 861 2996 ist
870 2945 1025 3010 fiberfllisslg
1038 2945 1088 2996 und
1100 2946 1222 2996 verwirrt

706 3010 755 3064 den
773 3011 846 3078 (lang
868 3013 914 3065 des
938 3011 1082 3076 Beweises‚
1106 3012 1222 3065 welcher

706 3085 773 3132 etue
791 3095 821 3132 so
839 3081 926 3133 lauten
944 3081 1050 3132 mdlste:
1069 3079 1101 3132 da
1119 3080 1162 3132 (lle
1178 3083 1222 3131 in·

703 3148 1147 3283 fflsseieiussmiiteitdemhiii’
1157 3147 1221 3267 iiiia

703 3285 837 3336 dementia
849 3285 1000 3336 bezeichnet
1010 3283 1074 3335 wird
1083 3283 1135 3335 und
1147 3284 1220 3336 diese

703 3351 787 3404 lernen
811 3351 1041 3419 gleichbedentend
1060 3351 1095 3402 ist
1112 3351 1160 3402 mit
1177 3355 1221 3402 in-

701 3423 793 3482 sanie,
817 3420 930 3472 welches
954 3421 996 3472 ein
1020 3418 1157 3470 husdruck
1179 3419 1221 3470 ihr

703 3487 844 3539 llrnnhheit
861 3488 902 3550 ist,
921 3504 950 3540 so
963 3487 1030 3553 lolgt
1042 3487 1144 3552 damus,
1162 3486 1221 3539 dale

702 3570 762 3606 man
786 3554 827 3607 die
850 3559 1005 3622 insipientes
1028 3555 1067 3607 ols
1085 3571 1141 3606 non
1157 3557 1222 3606 sani

702 3624 790 3675 ensah.

738 3693 776 3742 18.
795 3707 850 3742 non
867 3695 955 3758 mogh
966 3720 1000 3729 —
1012 3708 1101 3757 quam,
1125 3691 1177 3743 wie
1199 3690 1219 3743 l.

748 3761 778 3812 15
796 3775 851 3810 non
867 3760 971 3826 plus-
985 3775 1073 3825 quam.
1183 3784 1187 3790 ·

736 3845 777 3897 22.
796 3845 869 3911 rose,
887 3844 938 3896 wie
954 3843 996 3898 ru.
1016 3848 1039 3909 ι,
1060 3849 1082 3896 1.
