2800 4476
210 239 270 300 136
618 239 712 292 ueun
731 239 761 291 u.
779 241 872 306 aare

208 433 277 476 cum
294 413 533 474 alterumvadem
544 412 647 474 mortis
659 412 830 490 accepisset,
851 412 934 484 alter,
952 420 986 472 ut
1002 412 1103 473 vadem
1114 429 1200 472 suum
1214 411 1287 472 libe·
1338 469 1341 476 .

208 508 303 571 reret,
337 507 455 578 praesto
485 499 589 560 luisset
616 498 652 559 ad
674 497 777 558 horam
806 497 911 558 mortis
933 496 1126 569 destinatam,
1150 491 1287 558 ‘Utinam

208 604 275 665 epo,
297 584 415 662 inquit,
439 587 540 645 tertius
560 582 640 644 uobis
656 586 765 644 amicus
786 571 993 644 adscribererl'
1027 581 1122 653 Quam
1138 581 1208 642 huic
1225 591 1287 642 erat

208 671 350 731 miserum
363 687 464 729 carere
476 667 873 741 consuetudiueamicorum,
885 666 1135 737 societatevictus,
1148 685 1288 727 sermone

209 754 331 816 omnino
355 753 498 826 familiari,
521 753 636 813 homini
658 753 831 832 praesertim
855 752 942 813 docto
964 769 980 811 a
1002 770 1096 830 puero
1120 760 1150 812 et
1175 751 1287 813 artibus
1306 765 1319 813 5

208 839 348 919 ingenuis
363 838 494 899 eruditol
526 838 706 899 hlusicorum
721 857 790 898 vero
806 836 1041 918 perstudiosum,
1064 844 1183 915 poetam
1199 837 1286 897 etiam

209 925 353 1004 tragicum
368 956 410 968 —
425 942 514 1003 quam
529 923 660 995 honum,
684 922 758 983 nihil
779 924 815 983 ad
836 940 918 995 rem;
939 922 970 982 iu
993 921 1050 982 hoo
1073 921 1153 983 enim
1175 940 1286 999 genere

209 1009 310 1071 nescio
326 1026 384 1086 quo
401 1017 487 1088 pacto
503 1009 595 1086 magis
611 1027 699 1087 quam
712 1008 742 1068 in
754 1007 818 1068 eliis
833 1026 919 1068 suum
932 1008 1040 1086 cuique
1055 1007 1214 1085 pulchrum
1227 1016 1286 1082 est;

208 1095 304 1156 adhuc
319 1093 469 1155 neminem
485 1094 611 1173 cognovi
633 1101 752 1173 poetam
767 1093 894 1168 (etmihi
909 1093 966 1154 luit
988 1110 1055 1153 cnm
1069 1091 1198 1171 Aquinio
1214 1093 1286 1152 ami-

209 1179 304 1255 citia),
327 1179 378 1257 qui
393 1178 450 1240 sibi
465 1198 526 1240 non
544 1179 673 1258 optimus
693 1178 858 1254 videretur3
881 1178 922 1239 sic
943 1197 974 1238 se
990 1197 1037 1238 res
1051 1177 1154 1237 habet:
1181 1187 1211 1238 te
1228 1188 1287 1251 tua,
1309 1186 1335 1237 to

208 1283 255 1325 me
278 1265 426 1326 delectant
447 1283 513 1325 mea
540 1299 598 1338 -,
621 1265 672 1326 sed
695 1274 728 1325 ut
749 1263 785 1324 ad
807 1263 981 1343 Dionysium
1010 1263 1180 1335 redeamus,
1205 1264 1287 1323 omni

208 1349 288 1411 cultu
312 1358 342 1410 et
356 1350 434 1410 victu
450 1350 581 1411 humano
597 1349 731 1425 carebat;
754 1348 868 1409 vivebat
882 1367 950 1408 cum
965 1348 1109 1427 fugitivis,
1131 1366 1200 1409 oum
1215 1349 1287 1409 laci·

208 1436 333 1507 nemeis,
356 1453 424 1496 cum
446 1435 594 1511 harbaris;
612 1435 777 1507 neminem,
796 1435 847 1512 qui
869 1443 920 1494 aut
935 1433 1069 1494 libertate
1084 1433 1193 1512 dignus
1208 1441 1287 1495 esset

207 1511 258 1580 a'ul
272 1521 358 1581 vellet
373 1521 497 1581 omnino
514 1519 589 1580 liber
605 1539 677 1592 esse,
693 1519 749 1580 sibi
764 1519 891 1580 amicum
906 1517 1112 1579 arbitrabatur.

154 1600 192 1658 ΣΒ
291 1606 357 1666 Non
374 1623 429 1684 ego
447 1606 504 1666 iam
527 1623 596 1665 cum
616 1605 706 1665 huius
720 1604 794 1677 vita,
819 1623 875 1680 qua
897 1604 1039 1677 taetrius,
1061 1603 1211 1676 miserius,
1234 1604 1286 1664 de·
1307 1613 1333 1662 15

154 1684 183 1733 64
207 1689 371 1752 testahilius
387 1691 555 1770 excogitare
572 1690 645 1750 nihil
659 1707 799 1768 possum,
822 1689 952 1750 Platonis
974 1698 1024 1749 aut
1039 1688 1182 1768 Archytae
1199 1689 1286 1749 vitam

206 1773 403 1854 comparabo,
425 1775 581 1837 doctorum
597 1776 750 1836 homiuum
767 1782 796 1834 et
810 1775 898 1854 plane
914 1774 1106 1853 sapientium;
1131 1792 1167 1834 ex
1183 1775 1285 1835 eadem
1388 1833 1389 1852 ,

105 1873 148 1903 ‘⁴-
206 1860 281 1922 urbe
296 1861 438 1922 humilem
453 1861 669 1922 homunculum
681 1879 697 1921 a
710 1860 831 1940 pulvere
847 1868 877 1920 et
891 1859 973 1919 radio
986 1859 1127 1931 excitabo,
1144 1859 1196 1937 qui
1211 1860 1287 1920 mul-

206 1947 244 2007 tis
258 1947 345 2008 anuis
361 1956 428 2027 post
442 1947 512 2020 luit,
535 1945 750 2007 Archimedem.
788 1944 878 2006 Cuius
893 1963 948 2022 ego
966 1953 1105 2022 quaestor
1119 1944 1287 2023 ignoratum

239 2084 263 2132 4.
281 2083 416 2140 miserum,
435 2095 455 2131 s.
473 2095 505 2132 zu
517 2079 534 2131 l.
553 2083 577 2143 5,
590 2083 620 2139 9;
638 2083 720 2132 socie·
771 2079 812 2131 IX.
835 2083 850 2130 'l
859 2098 865 2128 :
888 2074 1105 2147 ὑπεραγαπῶσα
1127 2075 1156 2128 οἱ
1175 2083 1288 2142 ποιηταὶ

206 2153 259 2199 tate
277 2152 362 2198 victua
381 2149 430 2198 wie
448 2149 510 2206 hh:
528 2164 582 2198 soe.
601 2151 678 2199 uitae.
771 2145 806 2198 τὰ
830 2146 915 2196 οἰκεῖα
941 2139 1103 2215 πράγματα,
1130 2148 1288 2217 στέργοντες

240 2221 264 2268 5.
283 2217 360 2267 docto
373 2209 520 2281 ‘sorgliltig
538 2213 668 2281 gebildet'.
773 2207 868 2283 ὥσπερ
885 2215 977 2265 τέκνα.

239 2285 263 2336 6.
289 2283 455 2333 Musicarum
473 2311 507 2320 -
521 2285 720 2349 perstudiosum
808 2284 847 2334 12.
860 2282 934 2332 cultu
945 2287 971 2332 et
979 2285 1052 2332 uictu
1065 2283 1190 2346 humano,
1203 2288 1286 2334 elwa:

205 2355 254 2402 eet.
284 2348 387 2402 wieder
408 2350 448 2401 ein
472 2350 568 2416 inlolge
592 2350 636 2402 der
654 2351 721 2402 Zwi-
772 2350 830 2402 edle
855 2350 905 2402 und
926 2349 1103 2415 genulsreiche
1122 2349 1287 2416 Eiorichtung

205 2418 356 2469 schensitue
373 2417 570 2470 unvollendeter
588 2418 657 2482 Sata,
677 2420 722 2472 der
772 2417 1288 2483 deomensehlichenLehens‚vgl.25,ll.

204 2486 720 2552 etwemlttragicumaeeepimusschlie·
808 2488 847 2539 16.
864 2488 1015 2554 Archytae,
1037 2501 1058 2538 s.
1077 2501 1108 2538 zu
1125 2484 1167 2537 tv,
1185 2487 1229 2550 36,
1248 2489 1287 2540 te.

205 2553 260 2605 lsen
283 2553 366 2606 sollte.
383 2582 416 2592 —
430 2554 595 2606 Musicarum
617 2556 651 2608 ist
674 2556 720 2608 des
807 2557 847 2608 18.
874 2555 999 2605 humilem
1022 2555 1227 2619 homunculum,
1254 2555 1287 2606 im

204 2620 343 2686 Neutrum,
362 2621 412 2674 wie
439 2621 455 2675 l.
480 2625 521 2688 tt,
540 2625 585 2675 57:
607 2627 633 2674 si
655 2640 721 2689 geo·
770 2622 891 2675 lliubliclt
913 2622 959 2674 aui
979 2622 1024 2674 des
1044 2621 1211 2675 Archimedes
1236 2623 1288 2674 nie·

203 2693 316 2741 metrica
334 2690 476 2745 didicisset.
772 2690 842 2756 drige
868 2690 986 2742 Abhunlt
1012 2691 1064 2742 und
1091 2689 1204 2756 duritige
1226 2689 1288 2742 Ver-

234 2763 344 2824 poe'tam
359 2762 439 2809 etiam
455 2761 597 2824 tragicum.
616 2759 718 2812 Lucian.
771 2759 902 2811 hiltnisse.
939 2758 984 2812 Sil.
1002 2758 1057 2810 ltal.
1076 2757 1140 2810 lllV.
1160 2761 1224 2810 342:

204 2825 262 2878 adr.
285 2826 380 2879 lndoct.
406 2831 450 2880 15:
473 2823 579 2897 λέγεται
599 2824 653 2898 γᾴρ
674 2832 720 2879 καὶ
806 2826 857 2879 Vir
878 2825 936 2887 suit
959 2827 1110 2877 Isthmiacis
1134 2827 1215 2877 decus
1240 2831 1287 2877 im-

204 2891 349 2946 Διανῦσιον
367 2889 527 2965 τραγῳδίαν
544 2899 633 2948 ποιεῖν
651 2894 720 2964 pud·
974 2896 1089 2946 mortale
1107 2895 1217 2959 colonis,

203 2959 257 3014 iore
280 2959 352 3014 πάνυ
374 2965 419 3013 καὶ
453 2959 546 3014 elolom
579 2956 652 3015 aiore
668 2963 719 3015 τὸν
805 2962 919 3026 Ingenio
927 2961 1174 3023 faciteauteomuer
1184 2963 1287 3014 telluris
1387 2967 1388 2994 l

205 3024 355 3090 Φιλόξενον
376 2981 506 3083 notitae
527 3002 561 3081 dd
588 3025 673 3092 αὐτὴν
693 3033 719 3082 ἐς
975 3032 1105 3096 claumos,
1387 3093 1388 3098 ¹

202 3093 251 3148 reis
275 3093 404 3163 λατομίας
426 3099 566 3164 ἐμπεσεῖν,
586 3094 618 3150 οὐ
641 3095 721 3150 duvai-
805 3097 920 3149 Nudus
933 3115 1041 3164 opum,
1058 3099 1105 3150 sed
1122 3101 1167 3150 cui
1183 3101 1285 3151 caelum

202 3181 287 3228 μενον
304 3167 427 3228 κατέχειν
444 3163 494 3218 τὸν
516 3163 631 3236 γέλωτα.
662 3167 719 3234 Vgl.
976 3172 1117 3234 terraeque
1132 3172 1263 3234 paterent

202 3231 304 3286 Diodes.
321 3231 376 3285 XV.
395 3235 419 3286 t.
805 3251 822 3285 a
836 3234 949 3300 puluere
967 3239 992 3285 et
1013 3236 1092 3287 radio
1109 3235 1143 3287 ist
1160 3235 1285 3288 ebenlelle

238 3302 260 3354 8.
279 3303 367 3353 neseio
383 3307 535 3368 quopaeto,
552 3317 573 3355 s.
591 3319 624 3354 zu
642 3303 659 3356 1.
681 3307 720 3368 11,
772 3317 823 3354 von
851 3305 973 3354 aamtabo
1004 3303 1140 3368 abhingig.
1184 3303 1285 3354 liadim

203 3370 249 3422 24:
268 3371 356 3421 neseio
375 3386 427 3436 quo
444 3371 530 3422 modo.
770 3369 837 3424 hiels
859 3370 904 3423 das
927 3369 1069 3436 Stibohen,
1092 3373 1139 3422 mit
1162 3372 1285 3424 welchem

237 3439 261 3492 9.
279 3441 418 3502 πεποίηται,
437 3453 457 3491 s.
476 3453 508 3489 un
526 3437 544 3493 l.
562 3442 603 3503 41,
619 3441 666 3501 99;
685 3444 718 3502 et,
771 3437 1053 3491 diehlathematikerin
1066 3438 1123 3490 dem
1134 3438 1285 3492 Glaestaube

203 3520 223 3557 s.
247 3521 278 3558 uu
296 3505 314 3561 l.
333 3508 378 3571 38,
407 3507 451 3560 92:
474 3511 501 3556 et
518 3506 638 3568 dubitem
657 3522 718 3557 eum
768 3507 890 3572 (puluis),
916 3509 1007 3559 womit
1025 3507 1062 3558 sle
1080 3506 1128 3558 den
1147 3505 1226 3559 Tisch
1243 3508 1286 3560 be·
1387 3561 1388 3574 ,

201 3575 335 3640 Aquinio,
365 3575 448 3627 einem
480 3574 539 3628 sehr
568 3574 717 3626 schlechten
770 3577 851 3626 streut
869 3574 967 3638 hatten,
985 3575 1040 3628 ihre
1055 3574 1236 3641 Zeichnungen
1255 3592 1284 3627 uu
1387 3619 1388 3628 2

201 3639 318 3706 Dichter,
341 3641 385 3696 der
407 3642 471 3696 auch
495 3658 547 3695 ron
566 3642 656 3694 Getull.
676 3646 716 3706 14,
768 3642 908 3695 entwerlen
923 3643 1042 3708 pllegten.
1069 3642 1152 3695 llaher
1165 3643 1197 3695 de
1216 3644 1284 3696 deor.

205 3709 235 3762 18
263 3710 465 3776 sprichwbrtlich
496 3710 648 3778 angeidhrt,
674 3709 716 3762 hei
769 3727 793 3763 n.
811 3711 838 3763 ll.
860 3712 899 3775 18,
918 3713 965 3763 48:
987 3725 1131 3776 numquam
1150 3712 1285 3779 eruditum

203 3775 253 3828 Cic.
271 3778 393 3844 subrigens
407 3779 571 3841 anderwirts,
591 3777 672 3830 selbot
689 3778 716 3829 in
768 3779 845 3830 iilum
854 3780 992 3845 puluerem
1007 3781 1138 3843 attigistis
1150 3771 1203 3830 ‘ihr
1224 3779 1285 3831 heht

202 3843 252 3895 den
269 3843 380 3910 Brielen,
400 3847 470 3899 nicht
492 3847 608 3899 erwihnt
626 3845 699 3899 wind.
768 3847 811 3900 nie
828 3845 996 3904 Mathematik
1015 3841 1163 3912 getrieben'.
1218 3901 1228 3912 „

238 3915 278 3965 10.
297 3916 538 3978 qui—uideretur.
564 3914 641 3969 Arist.
658 3913 716 3966 utu.
805 3918 844 3968 19.
858 3930 907 3980 ego
917 3919 1050 3982 quaestor,
1064 3914 1193 3968 tenum.
1212 3913 1284 3967 Ubri·
