2804 4474
512 247 605 300 utnon
622 247 667 302 ru·
684 253 706 315 1,
716 251 740 302 a.
760 252 783 316 a,
794 253 817 304 a.
1161 250 1200 309 ot

127 417 272 498 sapientia
295 428 324 480 et
340 417 492 482 nobilitate
508 420 703 503 Pythagoras,
726 422 776 500 qui
799 422 854 482 luit
877 423 905 483 in
922 423 1002 485 ltalia
1020 423 1206 504 temporibus

128 503 229 575 isdem,
247 503 356 583 quibus
372 505 405 567 h.
421 505 530 567 Brutus
545 505 669 586 patriam
684 505 827 580 liberavit,
847 508 1015 588 praeclarus
1030 518 1134 570 auctor
1151 528 1206 570 no·

129 587 249 650 bilitatis
275 598 352 650 tuae.
391 591 571 670 Pythagorae
597 600 694 652 autem
720 591 854 652 doctrina
880 612 947 654 cum
974 595 1061 672 longe
1087 594 1204 673 lateque

85 693 93 740 1
127 674 248 747 llueret,
270 675 486 753 permanavisse
502 676 572 737 mihi
588 676 703 737 videtur
717 675 746 736 in
765 677 841 737 hanc
856 677 1017 756 civitatem,
1032 679 1120 758 idque
1136 697 1204 740 cum

92 771 106 819 5
127 759 299 820 coniectura
315 758 468 838 probabile
484 770 542 835 est,
566 771 627 822 tum
644 761 819 840 quibusdam
836 763 922 823 etiam
942 763 1070 843 vestigiis
1092 763 1205 825 indica-

127 852 184 904 tur.
216 843 290 915 Quis
306 845 384 904 enim
402 853 455 919 est,
474 846 524 924 qui
541 853 634 926 putet,
651 865 717 907 cum
734 847 855 908 floreret
869 847 899 908 in
916 848 997 909 ltalia
1013 848 1134 910 Graecia
1149 857 1204 931 pc·
1225 857 1228 865 '

125 927 311 990 tentissumis
326 939 355 990 et
370 930 502 992 maximis
517 930 657 1004 urbibus,
680 949 804 1010 eaquae
820 951 925 1012 magna
941 933 1018 994 dicta
1033 943 1091 1006 est,
1107 934 1137 994 in
1154 934 1204 995 iis·

126 1032 185 1092 que
206 1014 336 1093 primum
359 1014 451 1095 ipsius
474 1016 669 1096 Pythagorae,
695 1017 801 1078 deinde
827 1026 930 1098 postea
952 1017 1204 1100 Pythagoreorum

126 1109 245 1160 tantum
268 1117 378 1160 nomen
401 1110 492 1172 esset,
519 1109 690 1162 nostrorum
712 1102 922 1176 hominumad
946 1121 1049 1164 corum
1071 1104 1204 1165 doctissi-

77 1190 103 1241 10
125 1202 188 1245 mas
210 1202 297 1245 voces
320 1184 398 1246 auris
423 1185 536 1247 clausas
562 1185 673 1248 luisse?
711 1186 790 1258 Quin
817 1187 903 1248 etiam
927 1186 1056 1249 arbitror
1081 1197 1241 1269 proptera

128 1269 378 1350 Pythagoreorum
400 1270 623 1332 admirationem
646 1271 770 1332 Numam
791 1290 910 1351 quoque
936 1290 1036 1350 regem
1060 1273 1204 1353 Pythago·

126 1372 211 1415 rcum
235 1372 251 1413 a
270 1354 483 1433 posterioribus
506 1356 710 1418 existimatum.
740 1356 813 1417 Nam
829 1375 896 1418 cum
915 1357 1095 1437 Pythagorae
1116 1358 1203 1419 disci·

125 1439 240 1518 plinam
255 1447 286 1499 ct
308 1440 440 1501 instituta
456 1449 674 1520 cognoscerent
688 1441 825 1521 regisque
841 1442 904 1503 eius
920 1442 1097 1520 aequitatem
1113 1450 1142 1503 et
1156 1460 1206 1502 sa-

126 1524 270 1604 pientiam
286 1542 302 1584 a
318 1524 478 1587 maioribus
493 1526 554 1587 suis
569 1527 768 1606 accepissent,
790 1535 898 1588 aetates
913 1536 1011 1588 autem
1027 1536 1055 1588 et
1070 1536 1204 1607 tempora

77 1613 104 1665 15
125 1609 301 1686 ignorarent
315 1619 439 1690 propter
450 1620 633 1684 vetustatem,
650 1630 726 1685 eum,
743 1611 794 1690 qui
809 1612 953 1691 sapientia
966 1612 1130 1685 excelleret,
1147 1612 1203 1692 Py·

127 1693 268 1773 thagorae
284 1694 449 1757 auditorem
464 1696 655 1758 crediderunt
669 1695 770 1758 luisse.

213 1779 250 1839 Et
265 1779 301 1840 de
324 1781 495 1844 coniectura
519 1782 636 1859 quidem
659 1781 810 1842 hactenus.
841 1780 967 1858 Vestigia
982 1789 1080 1841 autem
1097 1781 1238 1861 Pytha-2

126 1881 286 1940 goreorum
308 1882 484 1944 quamquam
507 1867 598 1927 multa
619 1866 717 1944 colligi
737 1872 879 1946 possunt,
900 1865 1003 1944 paucis
1023 1873 1121 1926 umen
1136 1873 1203 1926 ute-

126 1965 210 2023 mur,
231 1949 372 2028 quoniam
388 1969 448 2012 non
465 1951 494 2012 id
509 1951 606 2030 agitur
628 1952 683 2012 hoc
707 1959 849 2029 tempore.
880 1949 952 2010 Nam
974 1968 1041 2012 cum
1063 1950 1202 2010 carmini·

76 2041 103 2091 to
125 2032 182 2095 bus
194 2034 272 2096 soliti
283 2034 325 2094 illi
336 2053 401 2097 esse
413 2035 549 2098 dicantur
561 2047 590 2098 ct
605 2045 765 2117 praecepta
778 2035 920 2114 quaedam
932 2035 1076 2098 occultius
1087 2036 1203 2097 tradere

156 2222 177 2269 1.
188 2219 236 2282 pul
243 2215 301 2278 fuit
310 2221 358 2270 cet.
371 2217 429 2285 Vgl.
440 2219 458 2272 1.
466 2221 506 2284 10,
514 2221 553 2274 38.
574 2206 640 2271 beer
726 2221 766 2273 13.
780 2222 939 2285 asperitatem
951 2241 984 2262 =
996 2221 1141 2286 dutitiam
1160 2236 1203 2270 oc·

125 2284 640 2353 desPyth.ZcitaltcrundLebensdauer
692 2291 822 2353 captarent
847 2287 891 2339 der
920 2287 1116 2353 gebrbuchliebe
1139 2288 1205 2338 hus·

126 2353 242 2404 weichen
258 2353 435 2420 dlehngaben
448 2356 506 2407 sehr
518 2369 569 2407 von
587 2357 640 2408 ein·
690 2354 771 2406 druch
806 2354 846 2406 hir
885 2355 931 2406 das
967 2354 1088 2407 Erlahren
1123 2355 1203 2406 durch

125 2421 204 2472 ander
218 2421 311 2486 cham
325 2422 640 2487 wabrscheiulichstenje·
689 2422 845 2487 (mundliche
869 2423 932 2476 oder
954 2423 1119 2487 schriltliehe)
1141 2421 1204 2474 'l'ra-

124 2488 640 2558 dochistdiehnnahmedalserungeffihr
691 2491 780 2555 ditior,
794 2491 891 2556 jedoeh
909 2492 934 2543 in
952 2491 1036 2542 dieser
1053 2490 1203 2558 Bedentung

124 2571 175 2610 von
189 2558 238 2611 580
258 2557 297 2609 bis
310 2560 359 2610 510
372 2574 396 2610 v.
409 2559 466 2610 Ghr.
484 2559 570 2625 gelebt
588 2560 639 2613 hat.
691 2560 749 2610 sehr
776 2559 873 2623 selten,
895 2559 944 2610 wie
966 2559 1032 2624 hier,
1056 2560 1102 2610 mit
1119 2560 1204 2611 ciuem

154 2627 182 2676 1.
196 2626 381 2679 oeectornctn'l.
395 2631 456 2678 mee
467 2622 521 2678 ‘der
531 2626 639 2679 Stamm-
690 2626 922 2678 substantivisehen
941 2624 1036 2690 Objelct
1047 2626 1202 2679 verbunden.

123 2699 197 2745 vater
219 2692 307 2745 deines
325 2693 399 2746 cdeln
424 2687 626 2748 Geschleehtes'.
726 2697 766 2747 14.
786 2698 884 2745 aetates
899 2699 925 2744 et
942 2699 1074 2759 tempora:
1093 2694 1204 2746 Lebens·

123 2761 225 2813 Ebenso
239 2759 309 2814 Bmt.
323 2764 369 2825 14,
380 2764 425 2814 53:
447 2762 477 2814 L,
490 2763 575 2813 Bruto
587 2764 638 2830 itti,
690 2762 741 2814 und
759 2761 887 2816 Zeitalter.

123 2831 274 2880 nobilitatis
294 2835 398 2880 coatrae
412 2833 540 2898 principi.
577 2830 638 2884 Was
726 2833 765 2883 11.
789 2831 825 2880 Et
843 2830 925 2879 do-
943 2829 1048 2893 quidem
1067 2830 1202 2884 tacemus.

123 2896 165 2948 die
182 2895 266 2949 Saehe
285 2895 388 2960 bouill,
406 2913 435 2950 so
453 2898 488 2950 ist
505 2899 575 2950 01111
587 2899 638 2950 hn-
689 2896 885 2950 Gewdhnlicher
897 2897 931 2948 ist
943 2897 969 2947 ln
982 2895 1064 2948 dieser
1077 2896 1203 2948 Pormdcr

123 2964 638 3029 nahmewohlebensounhistorisch,uie
689 2964 921 3030 translucetque
944 2964 996 3030 rgl.
1010 2968 1088 3016 unteu
1107 2966 1147 3027 31,
1161 2967 1202 3018 05.

123 3031 140 3084 l.
154 3035 193 3096 16,
207 3034 252 3084 38:
269 3048 327 3084 mco
345 3038 477 3098 regnanto
491 3035 597 3100 gentili.
721 3033 841 3097 Veregra
852 3038 940 3082 cutm
958 3036 1006 3085 cet.
1026 3031 1085 3084 bais
1097 3032 1138 3084 die
1150 3047 1202 3084 ron

157 3103 182 3153 4.
204 3103 307 3163 flueret.
350 3101 470 3168 Hauhger
496 3103 529 3154 ist
553 3101 636 3164 fundi
687 3100 775 3152 Cicero
804 3099 1002 3165 beigebrachten
1033 3101 1202 3154 historischen

123 3169 176 3220 und
187 3184 300 3220 manare
312 3168 356 3220 der
369 3170 488 3222 bildliehe
501 3170 635 3224 Ausdruclr
689 3168 788 3234 Spureu
814 3169 840 3219 in
867 3168 912 3219 der
939 3167 1021 3220 Saehe
1047 3169 1131 3221 nichts
1157 3170 1204 3221 be·

124 3235 164 3288 ltu
178 3229 246 3288 ‘sich
264 3234 425 3290 ausbreiten‘.
689 3236 795 3301 welsen,
812 3235 846 3287 111
864 3236 942 3287 leicht
960 3237 1121 3289 einzusehen.

158 3309 184 3358 9.
201 3302 296 3356 adbel
315 3307 428 3371 chunos,
448 3305 499 3372 rgl.
518 3321 550 3357 zu
567 3303 595 3360 ll.
613 3307 638 3371 o,
727 3307 766 3358 19.
790 3320 845 3356 non
868 3305 898 3355 id
914 3307 1009 3370 agitur
1022 3296 1064 3356 ‘es
1081 3305 1116 3356 lst
1132 3304 1203 3356 nieht

125 3375 172 3425 15:
191 3373 286 3424 docilia
304 3373 341 3423 ad
355 3403 397 3425 -.
690 3372 781 3424 darauf
797 3366 959 3438 abgesehen',
976 3371 1029 3438 vgl.
1046 3372 1064 3426 l.
1083 3374 1124 3434 20,
1142 3373 1183 3423 40.

160 3443 200 3494 11.
229 3439 347 3492 Numam
380 3470 414 3479 -
430 3443 638 3508 Pythagoreum.
724 3439 1201 3494 20.ooeuteeoa:au1einenurden

123 3508 197 3561 huch
214 3509 268 3561 Liv.
286 3510 304 3560 l.
324 3512 354 3562 18
367 3508 481 3560 verwirlt
499 3511 545 3560 mit
557 3508 638 3560 Recht
689 3506 1048 3574 vollstindigEingeweihten
1061 3507 1205 3568 (oetatem--

123 3575 194 3628 diese
211 3579 273 3639 (von
292 3575 364 3628 Ouid.
384 3575 442 3628 hiet.
462 3575 515 3629 XV.
533 3577 568 3629 in.
585 3576 637 3628 und
688 3573 1113 3644 τερικο11)ν11111111111111101111.
1132 3572 1204 3640 blog,

125 3643 327 3698 0111111153
383 3643 464 3697 ‚und
488 3645 568 3696 selbst
585 3659 637 3695 von
689 3645 714 3696 L.
730 3643 788 3697 Vlll.
809 3647 852 3696 15:
870 3639 964 3712 ἔλεγόν
980 3659 1012 3693 τε
1028 3644 1074 3692 καὶ
1089 3639 1118 3692 οἱ
1128 3637 1204 3692 ἄλλοι

122 3710 222 3764 Plinius
246 3712 275 3764 H.
301 3712 331 3764 N.
350 3711 410 3763 llll.
436 3715 465 3764 13
488 3712 639 3779 aulgenom·
689 3709 874 3782 Πυθαγόρειοι
903 3708 949 3776 μὴ
975 3708 1083 3761 εἶναι
1110 3705 1205 3788 ppos

124 3779 638 3848 mene)Sagealshnachronismus‚setet
689 3777 826 3832 πάντας
844 3774 956 3830 πάντα
974 3774 1074 3847 ῥητά,
1100 3793 1137 3829 ma
1175 3795 1204 3842 η-

122 3847 184 3900 aber
206 3848 257 3900 den
275 3847 435 3916 Pythagoras
459 3850 538 3900 sehon
551 3849 576 3899 in
595 3847 636 3900 die
690 3863 735 3898 σιν
745 3841 928 3918 Ἀριστόξενος
940 3846 971 3896 ἐν
983 3840 1082 3916 δεκάτῃ
1094 3863 1146 3898 παι
1164 3864 1206 3897 cv·

123 3915 178 3968 Zeit
195 3916 242 3968 des
261 3914 365 3968 Servius
383 3913 492 3968 Pullius.
689 3915 776 3966 τικῶν
793 3911 895 3979 νόμων.
1026 3939 1030 3946 ,
1134 3941 1137 3952 ·
