2804 4474
196 203 237 266 72
347 193 355 212 “
602 203 871 270 Llltliltlv.ts,31.

195 397 269 441 esse.
299 378 395 459 Atque
409 386 444 439 ut
458 377 490 437 in
512 377 596 440 malis
611 377 730 456 attingit
750 377 842 438 animi
863 385 999 438 naturam
1021 377 1158 457 corporis
1172 376 1279 440 simili-

195 464 283 538 tudo,
306 463 394 525 sicin
416 462 514 524 bonis.
545 464 622 524 Sunt
638 462 717 525 enim
739 461 913 542 incorpore
936 462 1110 543 praecipua,
1129 463 1278 536 valetudo,

194 550 289 623 vires,
311 548 516 628 pulchritudo,
537 549 675 623 firmitas,
696 547 852 622 velocitas,
875 557 947 609 sunt
960 547 1030 609 item
1046 548 1077 610 in
1099 547 1211 609 auimo.
1241 547 1280 608 Ut
1350 588 1355 595 -
1391 551 1392 556 ’

196 635 278 696 enim
293 633 428 714 corporis
443 633 635 713 temperatio,
657 651 725 694 oum
742 651 776 694 ea
791 641 963 711 congruunt
977 633 1055 694 inter
1069 651 1116 706 se,
1138 632 1280 711 equibus
1392 688 1393 712 ,

197 728 384 791 constamus,
404 721 530 793 caudas,
551 718 595 779 sic
610 718 701 780 animi
715 718 839 791 dicitur,
861 736 929 778 cum
945 717 1008 780 eius
1029 718 1137 778 iudicia
1159 718 1281 798 opinio·
1308 725 1326 775 5
1392 715 1393 726 ¹

197 822 311 883 nesque
326 803 522 877 concordant,
538 821 632 882 eaque
646 803 737 865 animi
748 810 794 864 est
808 802 909 876 virtus,
925 821 1014 881 quam
1029 803 1078 864 alii
1093 803 1189 882 ipsam
1203 810 1281 864 tem·

196 889 363 969 perantiam
383 888 487 949 dicunt
507 907 587 962 esse,
610 888 658 950 alii
679 888 935 967 obtemperantem
956 889 1170 968 temperantiae
1191 905 1281 967 prae-

199 974 293 1054 ceptis
308 983 339 1035 et
353 992 417 1035 eam
433 972 665 1052 subsequentem
681 991 737 1034 nec
752 971 912 1034 habentem
934 973 1025 1034 rrllam
1039 973 1170 1052 speciem
1186 990 1280 1046 suam,

198 1057 268 1133 sed,
289 1058 350 1120 sive
371 1059 429 1119 hoc
450 1058 510 1120 sive
532 1058 603 1119 illud
625 1059 677 1133 sit,
699 1059 731 1119 in
753 1058 817 1120 solo
840 1076 905 1118 esse
927 1058 1069 1139 sapiente.
1106 1058 1160 1120 Est
1178 1066 1282 1120 autem

200 1144 344 1224 quaedam
365 1143 457 1204 animi
477 1143 601 1218 sanitas,
623 1143 744 1222 quaein
765 1142 956 1222 insipientem
977 1143 1063 1204 etiam
1087 1143 1188 1217 cadat,
1212 1161 1282 1204 cum
1309 1151 1344 1202 to

148 1237 177 1289 at
199 1229 354 1290 curatione
374 1227 556 1290 medicorum
580 1227 769 1291 conturbatio
791 1227 900 1288 mentis
920 1229 1063 1289 aufertur.
1099 1227 1137 1288 Et
1158 1235 1193 1289 ut
1214 1247 1283 1289 cor-

198 1313 281 1394 poris
297 1321 342 1374 est
357 1314 499 1393 quaedam
514 1322 580 1393 apta
603 1315 699 1392 ligura
713 1312 916 1374 membrorum
939 1331 1006 1374 oum
1022 1312 1131 1374 coloris
1152 1314 1281 1391 quadam

200 1398 342 1461 suavitate
368 1416 461 1478 eaque
486 1399 595 1459 dicitur
616 1398 815 1480 pulchritudo,
845 1397 887 1458 sic
918 1397 948 1458 in
975 1397 1074 1460 animo
1101 1398 1281 1478 opinionum

200 1483 437 1564 iudiciorumque
457 1483 648 1563 aequabilitas
668 1491 698 1545 et
718 1482 884 1546 constantia
905 1501 974 1544 oum
995 1483 1132 1544 firmitate
1155 1484 1282 1562 quadam

201 1577 232 1630 et
245 1568 402 1630 stabilitate
421 1567 559 1629 virtutem
581 1567 767 1648 subsequens
787 1576 839 1629 aut
860 1567 976 1629 virtutis
991 1568 1048 1629 vim
1068 1569 1162 1648 ipsam
1185 1568 1284 1630 conti·
1310 1578 1343 1628 15

202 1672 280 1714 nens
294 1653 483 1733 pulchritudo
498 1662 630 1715 vocatur.
660 1653 794 1733 itemque
809 1651 921 1714 uiribus
942 1653 1077 1732 corporis
1092 1662 1122 1714 et
1138 1654 1239 1715 nervis
1254 1661 1285 1714 et

202 1739 368 1800 efficacitati
382 1738 492 1800 similes
506 1738 651 1800 similibus
665 1757 785 1818 quoque
805 1736 904 1799 verbis
922 1737 1013 1800 animi
1028 1738 1105 1800 vires
1120 1738 1284 1800 nominan-

201 1831 260 1885 tur.
296 1821 434 1885 Velocitas
453 1832 552 1885 autem
574 1825 709 1904 corporis
730 1825 857 1886 celeritas
878 1822 1057 1903 appellatur,
1080 1841 1156 1902 quae
1177 1822 1283 1884 eadem

202 1908 316 1989 ingenii
331 1909 417 1970 etiam
433 1909 497 1969 laus
510 1908 639 1970 babetur
652 1918 777 1990 propter
791 1908 882 1970 animi
896 1907 1057 1970 multarum
1072 1926 1174 1969 rerum
1200 1907 1284 1970 brevi

201 1994 588 2074 temporepercursionem.
1312 2003 1348 2053 ab

204 2176 621 2244 Gegenmtzezustcmcoiuptac.
633 2178 716 2230 Eben-
766 2193 856 2230 cuum:
871 2170 951 2230 ‘ohne
963 2177 1122 2244 selbstindig
1138 2179 1166 2230 in
1183 2177 1226 2232 die
1238 2177 1286 2230 Er-

204 2259 234 2297 so
247 2243 312 2296 wird
324 2245 389 2296 auch
402 2245 469 2297 iliter
480 2246 645 2298 occimennd
655 2261 717 2298 con·
768 2245 911 2310 scheidung
927 2261 958 2297 zu
977 2238 1081 2299 tretcn'.

204 2316 309 2363 ocrim
326 2311 420 2363 medial
437 2313 587 2378 gebraucht.
805 2317 843 2367 lt).
854 2316 1053 2365 cuimicanitac
1061 2318 1109 2366 cet.
1128 2311 1208 2366 Sinn:
1222 2313 1285 2365 liier

242 2383 264 2432 1.
288 2381 402 2445 attingit
422 2396 466 2433 αα.
492 2387 620 2446 naturam
643 2397 716 2447 corp.
768 2383 803 2434 ist
820 2382 892 2434 nicht
914 2381 956 2433 die
973 2379 1045 2434 Rede
1061 2397 1112 2434 von
1130 2380 1284 2448 derjenigen

204 2447 717 2514 similitudo-corporisnuturccnimt
767 2453 871 2501 canitae
894 2453 996 2515 animi,
1022 2449 1121 2502 welche
1144 2450 1211 2501 nach
1235 2449 1285 2502 der

205 2519 322 2566 naturae
339 2517 434 2567 similis
450 2521 496 2568 cst.
524 2516 688 2584 Vgl.1o‚23.
767 2516 983 2570 volkstirmlichen
1011 2517 1184 2584 Anachauung
1214 2517 1284 2570 auch

240 2585 264 2636 2.
282 2583 416 2649 ualetudo,
437 2599 457 2636 s.
476 2584 500 2636 d.
518 2584 556 2637 kr.
574 2586 640 2638 dnh.
767 2586 811 2638 der
835 2584 992 2638 Nichtweise
1015 2586 1121 2649 hesitat,
1143 2584 1235 2637 sobald
1254 2600 1285 2637 er

241 2653 266 2704 3.
286 2651 320 2707 tlt
335 2654 406 2703 cuim
424 2656 547 2718 corporis
564 2657 613 2706 cet.
643 2653 716 2706 Stob.
767 2669 819 2705 von
848 2653 937 2706 lreincr
967 2652 1206 2706 Gcisteslrranlrheit
1236 2653 1286 2704 be·

205 2719 259 2774 Ecl.
282 2720 333 2774 eth.
352 2735 377 2786 p.
398 2723 460 2774 168:
484 2717 580 2791 ὥσπερ
590 2719 649 2805 ydp
666 2719 718 2787 τὴν
767 2721 851 2773 haltet
868 2722 910 2773 isc

205 2789 255 2842 τοῦ
282 2785 410 2852 σώματος
440 2783 544 2870 &tatur
571 2795 718 2858 ευαρασίαν
804 2790 844 2842 13.
867 2805 950 2856 eaque
974 2789 1076 2840 dicitur
1096 2789 1285 2855 pulchritudo.

205 2856 353 2910 εἶναιτῶν
373 2857 405 2909 dv
422 2874 463 2922 τῳ
480 2854 586 2920 σώματι
605 2856 720 2926 θερμῶν
770 2855 828 2922 vgt.
847 2855 879 2909 dc
897 2856 940 2909 off.
957 2858 976 2908 l.
989 2859 1031 2919 28,
1043 2859 1089 2910 98:
1105 2857 1285 2922 pulchritudo

206 2928 253 3007 ugit
270 2925 385 2992 ψυχρῶν
397 2927 444 3004 ρεαὶ
457 2924 550 3005 ξηρῶν
560 2928 606 2976 καὶ
618 2920 718 3002 dyptica,
770 2927 893 2991 corporis
913 2929 977 2990 apic
995 2928 1186 2991 compositione
1202 2940 1287 2975 mem-

206 3009 280 3044 curm
305 2995 350 3042 καὶ
373 3010 425 3110 αρν
447 2994 596 3072 cqc-pupis
612 2998 718 3064 oylaruu
769 2995 879 3044 brorum
900 2997 989 3044 mouet
1010 2994 1101 3044 oculos
1121 2997 1148 3043 ei
1168 2993 1286 3044 deiectat

207 3054 355 3128 εὐκρασίαν
377 3078 448 3111 scat
467 3078 528 3111 των
545 3063 576 3112 du
592 3060 627 3128 τῆ
645 3076 683 3129 ψυ
769 3061 1286 3128 icocipao‚quodinterccomneaparicc

207 3122 361 3196 δογμάτων.
391 3127 428 3178 Zu
452 3113 618 3195 camporacii
628 3080 717 3196 131211
768 3143 829 3180 cum
852 3129 967 3193 quodam
993 3130 1082 3194 lepore
1103 3132 1286 3181 consentiunt.

210 3198 250 3258 10,
268 3195 309 3248 21.
805 3199 845 3248 15.
854 3199 965 3248 virtutib
974 3200 1027 3247 aim
1035 3199 1121 3262 ipsam
1129 3201 1286 3248 continens:

134 3325 135 3328 ρ
243 3266 267 3317 b.
281 3263 490 3314 cic-dicitur:
509 3265 718 3330 sospriehtmcn
764 3256 882 3316 ‘welche
908 3264 954 3317 das
981 3263 1076 3316 Wesen
1103 3263 1148 3317 der
1173 3263 1287 3332 Tagend

208 3346 260 3384 von
280 3359 320 3383 -.
770 3332 853 3384 selbst
870 3333 896 3382 in
916 3330 970 3384 sich
989 3324 1126 3385 schlieist'.

243 3401 267 3452 6.
286 3415 369 3465 caque
381 3401 467 3451 animi
484 3404 524 3451 eci
540 3403 633 3452 uirtus.
653 3399 719 3452 Sub·
806 3401 1028 3465 ldpulclccitudo
1039 3405 1161 3455 cecatur.
1173 3402 1287 3453 Pulchr.

206 3466 268 3532 jekt
284 3468 318 3520 ist
336 3467 377 3519 die
394 3471 497 3518 canitae
515 3471 607 3521 animi.
770 3469 900 3519 caimiist
910 3468 1101 3533 nurstoischer,
1114 3469 1286 3522 nichtlatein.

242 3538 456 3601 temperantium.
474 3534 531 3599 Vgl.
545 3539 568 3600 9,
580 3538 626 3588 32:
647 3535 741 3606 Tem-⁵
772 3534 1005 3602 Spraebgebrcnch.

205 3606 332 3670 pucritia
349 3603 425 3654 sedet
444 3605 621 3668 appetitiones
639 3607 666 3652 ct
682 3603 720 3663 as·
807 3605 847 3656 18.
865 3603 990 3655 celeritas
1001 3605 1164 3669 appeliatum,
1183 3601 1208 3657 d.
1218 3605 1245 3660 h.
1257 3606 1286 3658 in

206 3671 267 3733 ficii
277 3676 310 3722 ut
326 3688 372 3722 cac
382 3675 473 3723 rectae
485 3673 589 3722 rationi
604 3676 721 3737 purcant
771 3671 816 3723 der
833 3670 1005 3738 duwendung
1021 3674 1067 3724 auf
1082 3672 1132 3724 den
1150 3672 1232 3726 Geist

207 3743 397 3804 conservatque
424 3739 591 3790 considerata
617 3739 720 3790 iudicia
807 3741 846 3792 19.
869 3743 956 3791 animi
975 3740 1122 3791 multarum
1139 3755 1234 3792 rerum
1250 3769 1287 3781 -

206 3809 311 3858 manua.
769 3812 971 3872 pcrmcrcioncm
988 3807 1081 3872 (Flng),
1103 3823 1123 3861 s.
1141 3807 1169 3862 ll.
1191 3812 1233 3873 15,
1251 3811 1286 3862 35

243 3875 267 3927 8.
285 3889 334 3924 uec
351 3875 489 3924 habentem
506 3873 591 3924 ulium
607 3876 720 3940 speciem
771 3890 803 3926 eu
821 3874 928 3937 functio
946 3903 980 3914 —
996 3877 1082 3926 enimi
1098 3905 1133 3914 -
1151 3881 1251 3942 operis.
