2790 4476
191 213 232 273 86
543 212 639 266 iruna
655 214 674 267 t
693 216 735 280 ae,
754 216 794 268 ss.
814 217 856 280 cr,
874 215 916 267 ss.

186 397 221 450 ut
231 387 352 461 sciatur,
368 387 439 467 quid
450 387 488 450 sit
499 405 606 461 carere,
622 406 661 449 ne
676 386 863 466 relinquatur
878 384 989 465 aliquid
1001 383 1113 446 erroris
1124 384 1155 445 in
1166 383 1271 446 verbo.

188 472 295 536 Carere
309 473 399 553 igitur
414 472 471 534 boc
486 473 651 552 significat,
675 491 764 553 egere
779 491 831 546 eo,
856 472 934 552 quod
951 470 1061 532 hahere
1075 469 1157 532 velis.
1188 470 1272 532 lnest

188 559 269 620 enim
284 558 357 620 velle
372 558 404 620 in
419 558 559 632 carendo,
575 558 632 620 nisi
648 577 716 619 cum
731 557 774 619 sic
788 567 937 636 tamquam
952 557 983 618 in
996 555 1072 618 febri
1084 555 1202 630 dicitur,
1215 555 1271 617 alia

187 643 312 723 quadam
335 643 459 705 notione
482 642 573 704 verbi.
617 643 733 705 Dicitur
754 643 836 704 enim
859 642 915 704 alio
939 641 1026 703 modo
1050 641 1138 702 etiarn
1160 659 1270 717 cerere,

185 747 253 790 cum
269 728 378 808 aliquid
395 747 456 790 non
479 728 589 790 habeas
611 736 641 790 et
663 748 725 789 non
747 727 858 791 hahere
880 736 910 789 te
932 727 1058 800 sentias,
1082 727 1168 787 etiam
1191 729 1217 788 si
1240 726 1270 788 id
1294 740 1310 788 5

184 813 269 876 lacile
291 814 413 894 patiare.
443 813 486 876 lta
508 832 605 877 curere
627 814 657 875 in
681 821 776 874 morte
791 833 854 876 non
869 813 991 890 dicitur3
1014 831 1071 874 nec
1093 811 1175 873 enirn
1190 821 1271 874 esset

184 899 361 974 dolendum;
384 897 594 975 diciturillud,
618 899 691 961 dono
705 917 811 974 cerere,
834 898 914 978 quod
938 907 983 961 est
1005 898 1124 959 malum.
1154 896 1213 958 Sed
1230 917 1270 958 ne

182 985 264 1046 vivus
280 984 398 1064 quidem
413 984 494 1046 hono
510 994 601 1058 caret
616 985 640 1046 si
656 1003 692 1046 eo
709 1003 770 1046 non
784 984 905 1064 indiget.
937 983 995 1046 Sed
1009 982 1041 1044 in
1054 984 1118 1044 vivo
1134 981 1269 1062 intellegi

182 1078 280 1131 tamen
297 1078 411 1150 potest,
426 1088 521 1149 regno
535 1079 565 1132 te
581 1088 683 1131 carere
698 1104 741 1116 -
755 1070 814 1131 dici
828 1079 928 1131 autem
943 1069 1001 1131 hoc
1016 1069 1047 1130 in
1063 1077 1092 1130 te
1107 1068 1179 1132 satis
1193 1067 1267 1130 suh·

182 1154 274 1216 tiliter
289 1173 351 1217 non
374 1164 489 1235 potest3
512 1165 616 1235 posset
629 1155 660 1216 in
676 1155 850 1235 Tarquinio,
874 1173 942 1216 cunr
957 1172 1051 1234 regno
1067 1164 1145 1216 esset
1160 1153 1267 1234 expul-
1291 1166 1321 1216 10

182 1258 232 1302 sus
246 1275 307 1314 -‚
322 1249 352 1303 at
366 1241 396 1302 in
413 1251 532 1302 mortuo
547 1260 586 1302 ne
600 1240 734 1318 intellegi
746 1240 882 1319 quidem3
899 1258 999 1301 carere
1015 1240 1094 1301 eninr
1106 1239 1266 1302 sentientis

183 1333 238 1400 est,
254 1344 310 1387 nec
325 1345 431 1388 sensus
442 1326 473 1387 in
486 1333 620 1388 mortuo:
638 1345 677 1388 ne
689 1344 790 1388 carere
802 1326 922 1405 quidem
933 1325 1025 1404 igitur
1035 1326 1067 1386 in
1079 1335 1198 1387 mortuo
1210 1333 1265 1387 est.

131 1411 166 1468 ut
268 1410 454 1489 Quamquam
470 1410 541 1490 quid
556 1431 632 1492 opus
647 1420 691 1474 est
702 1412 732 1472 in
746 1412 804 1472 hoc
815 1410 1027 1491 philosophari,
1043 1429 1112 1474 cunr
1123 1428 1188 1472 rem
1200 1429 1263 1474 nou

131 1503 163 1556 89
185 1512 293 1574 magno
308 1513 399 1574 opere
414 1495 601 1577 philosophia
616 1515 704 1576 egere
719 1494 891 1559 videamus?
920 1497 1066 1568 Quotiens
1088 1515 1150 1559 non
1175 1495 1264 1557 modo

183 1580 322 1642 ductores
337 1581 441 1654 nostri,
456 1581 508 1642 sed
523 1582 654 1644 universi
669 1582 757 1644 etiam
772 1583 919 1643 exercitus
930 1582 967 1644 ad
979 1600 1041 1642 ncn
1054 1581 1172 1643 dubiam
1183 1599 1265 1644 mor·
1289 1592 1317 1642 15

181 1674 241 1726 tem
257 1667 492 1727 concurreruntl
508 1666 591 1738 Quae
606 1669 726 1745 quidem
741 1667 766 1730 si
779 1667 944 1741 timeretur,
961 1685 1023 1728 non
1040 1667 1073 1728 L.
1090 1666 1199 1729 Brutus
1214 1686 1263 1728 ar·

180 1769 252 1812 cens
267 1768 336 1812 eum
351 1751 447 1812 reditu
462 1760 634 1832 tyrannum,
649 1770 738 1832 quem
760 1753 823 1832 ipse
839 1752 1002 1832 expulerat,
1017 1751 1047 1812 in
1061 1752 1176 1832 proelio
1188 1771 1264 1814 con-

180 1835 308 1911 cidisset,
325 1856 387 1898 non
404 1854 474 1898 cum
488 1836 602 1900 Latinis
618 1838 774 1900 decertans
796 1845 881 1919 pater
896 1837 1020 1912 Decius,
1044 1855 1114 1899 curn
1128 1837 1263 1900 Etruscis

179 1921 274 1996 lilius,
297 1940 365 1982 cunr
381 1921 494 2002 Pyrrho
512 1942 606 2004 nepos
621 1943 653 1986 se
675 1923 805 1986 hostium
819 1923 885 1984 telis
901 1922 1096 1998 obiecissent,
1120 1942 1183 1984 non
1199 1941 1262 1984 uno

180 2004 258 2067 hello
275 2026 329 2086 pro
344 2009 437 2086 patria
453 2007 586 2070 cadentis
601 2009 757 2089 Scipiones
772 2009 914 2089 hispania
928 2008 1063 2082 vidisset,
1085 2008 1209 2070 Paulum
1232 2017 1263 2068 et
1285 2016 1314 2067 20

213 2190 238 2241 3.
256 2192 402 2255 tamquam,
420 2190 476 2242 hier
492 2191 543 2243 wie
558 2191 597 2244 lll.
609 2195 650 2256 10,
660 2195 692 2246 23
779 2196 804 2245 7.
816 2192 920 2244 dieitur
939 2206 968 2244 es
982 2192 1046 2244 wird
1058 2192 1084 2245 in
1096 2191 1164 2244 dem
1176 2190 1258 2244 Sinne

178 2255 402 2320 n.V.5‚13-eet;
416 2257 514 2323 jedoch
528 2259 592 2311 wird
605 2275 633 2312 es
646 2276 694 2312 nur
744 2267 844 2326 geseqt.

178 2323 261 2376 selten
280 2325 343 2387 (und
355 2325 422 2379 noch
434 2325 547 2379 seltener
559 2332 648 2394 quasi)
665 2329 692 2380 in
778 2328 851 2394 quod
872 2335 912 2380 eet
934 2328 1035 2380 malum
1057 2328 1120 2395 geht
1142 2327 1187 2380 aul
1208 2326 1259 2380 den

178 2391 224 2443 der
237 2390 425 2471 llergleichung
442 2409 493 2446 von
512 2400 594 2448 etwas
613 2395 692 2449 Thet-
742 2397 903 2462 vereinigten
922 2395 1021 2463 Bequff
1035 2399 1104 2448 bono
1123 2412 1223 2448 carere.

177 2459 333 2513 sichlrchern
345 2463 494 2528 gebraneht
518 2463 692 2527 Quaeifindet
777 2466 802 2517 e.
821 2480 906 2530 regno
924 2470 951 2516 te
969 2481 1069 2518 carere.
1107 2463 1160 2518 Wir
1177 2464 1257 2530 tugen

177 2528 232 2579 sich
249 2529 275 2580 in
294 2529 377 2583 dieser
389 2530 577 2585 llonstrulrtion
590 2533 644 2586 Cat.
657 2550 689 2586 nr.
742 2531 832 2584 hinen:
851 2549 873 2586 a.
885 2533 924 2599 B„
943 2547 997 2584 was
1014 2534 1048 2584 im
1061 2532 1259 2599 Lat-genoun-

180 2600 367 2717 19⁵Zei¹dicitur
385 2667 419 2718 ist
436 2639 530 2720 cadere
548 2667 610 2735 Suhj
741 2600 1075 2732 gohhqifflhtzhffiedmckt
1094 2601 1166 2654 vird·
1196 2600 1257 2668 νει.

211 2736 235 2787 5.
262 2750 317 2785 non
335 2737 433 2787 taleae
450 2742 499 2788 cet.
541 2736 590 2789 ller
612 2738 689 2804 llonJ.
777 2739 818 2791 14.
838 2738 965 2802 Quotiens
983 2740 1032 2790 cet.
1067 2736 1157 2789 llieser
1175 2735 1257 2789 Stelle

176 2801 255 2867 steht,
267 2803 327 2854 weil
340 2803 420 2856 durch
432 2803 474 2857 die
485 2805 579 2858 aweite
591 2805 688 2860 Person
741 2805 800 2857 sehr
818 2806 922 2858 ihnlich
941 2807 976 2858 ist
993 2806 1047 2857 Gal.
1065 2803 1099 2858 hl.
1117 2807 1159 2868 20,
1179 2807 1221 2857 to.

176 2869 221 2921 das
233 2870 417 2924 unhestinunte
431 2870 542 2938 Subjelrt
554 2877 634 2941 (man)
645 2876 690 2928 he·
776 2877 817 2929 lh.
830 2874 963 2941 ductores,
975 2875 1017 2926 ein
1026 2874 1099 2925 mehr
1107 2873 1255 2940 poetisches

175 2937 295 2989 zeichnet
312 2938 386 2992 vird.
477 2952 481 2960 ’
741 2940 815 2994 Wort
833 2942 886 2994 und
904 2942 1053 2996 vendicero
1072 2955 1120 2994 nur
1137 2942 1193 2994 hier
1210 2955 1256 3007 qe·

211 3006 235 3057 6.
258 3005 300 3056 Ita
319 3021 412 3057 carere
433 2999 469 3058 ‘in
493 3007 589 3060 diesem
609 3009 689 3063 Sinus
740 3009 857 3063 hreucht.

175 3072 237 3136 (wie
254 3087 313 3123 men
332 3081 390 3138 sngt
410 3071 483 3134 fodri
500 3082 601 3142 carere)
624 3077 688 3129 wird
776 3079 817 3130 16.
843 3081 1038 3140 secerneretur,
1061 3093 1082 3130 s.
1103 3079 1144 3141 12,
1163 3079 1195 3129 27
1221 3092 1255 3129 zu

175 3139 354 3192 enthehren
372 3141 444 3193 nicht
458 3143 624 3197 hinsichtlich
642 3145 688 3198 des
739 3149 794 3196 nise·
812 3149 945 3199 haereret.

175 3205 260 3259 'ledes
279 3203 437 3274 gebraucht’‚
455 3210 577 3264 d.h.von
595 3212 687 3278 denen,
773 3213 804 3266 1..
812 3215 921 3267 Brenn.
955 3214 982 3266 1..
991 3213 1084 3266 lunius
1096 3211 1192 3266 Brutus
1209 3211 1254 3264 fiel

174 3275 274 3328 welche
284 3291 335 3328 von
348 3277 431 3329 einem
444 3294 538 3330 carere
549 3280 594 3332 der
603 3278 686 3333 Toten
739 3283 789 3334 509
807 3282 841 3333 im
854 3281 963 3350 lleenple
982 3296 1066 3348 qegen
1084 3281 1126 3333 die
1138 3297 1190 3334 von
1202 3280 1253 3332 den

174 3343 261 3396 reden.
738 3349 876 3415 Vejentern
888 3354 1079 3403 unterstu‘rteten
1094 3349 1253 3417 Tarquinier.

208 3413 240 3464 Ia
253 3417 340 3464 morte
357 3413 483 3480 prignent
501 3415 541 3467 ldr
558 3417 588 3467 e'n
600 3421 686 3468 morte
773 3421 813 3470 18.
831 3419 939 3470 Decem.
968 3417 997 3470 P.
1013 3417 1106 3470 Decius
1122 3416 1189 3479 ldus,
1207 3415 1254 3468 der

173 3481 344 3560 oppetenda:
367 3481 394 3533 in
418 3482 517 3536 hetrell'.
557 3482 592 3537 So
621 3487 686 3538 auch
739 3485 826 3552 veter,
848 3488 944 3540 weihte
960 3487 1016 3539 sich
1034 3485 1092 3540 dem
1111 3485 1253 3552 Oplertodc

172 3563 208 3599 un
227 3549 374 3614 folgenden.
738 3553 889 3608 heiVeseris
901 3558 961 3619 340,
979 3555 1024 3607 der
1042 3553 1113 3607 Sohn
1131 3553 1174 3606 hei
1187 3551 1251 3605 Sen-

207 3632 255 3667 nea
274 3620 343 3668 enim
369 3622 435 3670 ascet
453 3619 595 3671 dolendum
618 3620 685 3674 deun
737 3622 820 3673 tinum
833 3625 891 3689 295,
910 3623 956 3675 der
967 3623 1091 3689 (seltener
1108 3621 1251 3685 erwihnte)

172 3699 231 3735 man
250 3685 321 3736 hatte
339 3685 406 3737 deun
422 3686 516 3740 heinen
529 3687 614 3740 Grund
627 3705 684 3741 num
736 3689 819 3742 lluhel
838 3691 879 3744 bei
897 3692 1019 3744 Asculum
1038 3693 1088 3744 279
1107 3707 1133 3744 v.
1147 3689 1205 3742 Chr.

172 3750 304 3804 Bedauern
312 3790 320 3817 ,
342 3768 418 3806 wenn
436 3759 494 3807 man
513 3757 624 3810 namlich
642 3759 684 3811 ein
771 3762 811 3814 20.
823 3759 963 3827 Scipiones
975 3765 1023 3812 cet.
1037 3758 1084 3811 Die
1096 3757 1194 3811 Brdder
1205 3758 1252 3812 Gn.

171 3820 273 3873 solches
286 3821 439 3887 Enthehren,
457 3825 507 3878 wie
525 3823 571 3878 das
590 3841 685 3878 carere
735 3842 761 3881 u.
783 3825 814 3880 P.
832 3827 965 3882 Cornelius
984 3826 1071 3895 Scipio
1095 3825 1173 3879 fielen
1192 3828 1251 3892 212,

170 3885 372 3955 recremento.
734 3894 761 3948 L.
779 3896 904 3949 Aetnilius
921 3895 1026 3960 Paulus,
1044 3895 1089 3948 der
1107 3894 1187 3948 Veter
1204 3894 1252 3948 des
