2804 4474
221 207 260 265 10
619 206 714 259 LlBER
731 207 769 261 lll.
788 209 864 270 6,12.
895 237 900 246 =

219 383 318 443 furere
338 379 472 441 dicimus.
504 379 562 450 Qui
577 379 617 440 ita
633 380 671 441 sit
685 380 836 458 adlectus,
861 398 928 441 eum
944 378 1098 441 dominum
1114 397 1178 440 esse
1195 395 1298 439 rerum

218 483 338 528 suarum
350 473 449 526 vetant
459 465 614 525 duodecim
627 464 760 539 tabulam
776 465 875 544 itaque
891 483 953 526 non
966 474 1011 526 est
1022 465 1167 544 seriptum
1180 483 1206 524 sr
1218 482 1298 524 mse·

219 569 280 623 nvs,
293 551 343 611 sed
359 569 384 610 si
400 567 532 611 rvnrosvs
547 569 637 611 nscia.
666 550 824 612 Stultitiam
834 551 914 612 enim
923 557 1107 612 censuerunt
1118 549 1297 622 constantia,

219 637 249 697 id
261 643 305 696 est
319 636 452 708 sanitate,
467 644 619 695 vacantem
629 654 718 715 posse
729 645 827 696 tamen
840 636 917 697 tueri
932 634 1165 696 mediocritatem
1182 634 1298 695 officio·

218 739 286 782 rum
306 731 335 783 et
352 720 427 782 vitae
444 736 634 782 communem
651 721 763 782 cultum
774 729 863 800 atque
877 721 1033 795 usitatum;
1048 720 1182 780 furorem
1198 728 1300 780 autem
1321 731 1337 779 5

218 824 284 868 esse
300 805 356 866 rati
372 813 443 867 sunt
460 805 568 866 mentis
582 804 617 865 ad
631 805 730 866 omnia
740 807 922 868 eaecitatem.
945 805 1113 876 Quodaum
1124 804 1222 866 mains
1233 823 1299 866 esse

219 890 352 952 videatur
366 907 455 970 quam
470 890 600 963 insania,
616 899 713 951 tamen
731 890 889 952 eiusmodi
905 900 965 963 est,
983 900 1016 952 ut
1030 891 1113 950 furor
1127 889 1158 950 in
1176 890 1299 970 sapien-

219 985 279 1035 tem
291 976 396 1036 cadere
407 975 510 1055 possit,
526 993 587 1036 non
601 975 695 1054 possit
709 975 833 1038 insania.
861 976 918 1037 Sed
930 977 1002 1036 haee
1014 975 1068 1036 alia
1085 975 1220 1054 quaestio
1237 983 1299 1049 est3

184 1124 203 1179 ⁶
220 1079 276 1120 nos
291 1060 778 1224 agalllelllsolllrllirleilielllllllllem
791 1145 1005 1225 aegritudinem
1018 1144 1072 1205 tibi
1083 1143 1182 1205 dixisti
1193 1143 1297 1204 videri.
1320 1155 1348 1205 to

168 1203 200 1254 ¹²
220 1229 252 1290 Α.
275 1229 313 1292 Et
327 1248 396 1291 vero
411 1231 450 1291 ita
466 1229 609 1292 existimo.
639 1229 680 1292 M.
702 1231 872 1292 Humanum
887 1231 915 1292 id
931 1230 1066 1310 quidem,
1081 1230 1161 1308 quod
1177 1229 1219 1290 ita
1235 1229 1300 1290 exi·

219 1318 329 1378 stimas.
367 1315 432 1375 Non
450 1315 529 1376 enim
554 1315 634 1377 silice
650 1315 712 1377 nati
726 1335 845 1390 sumus,
866 1317 917 1377 sed
934 1325 979 1376 est
993 1315 1127 1376 naturale
1140 1316 1173 1376 in
1190 1313 1300 1377 animis

218 1411 355 1462 tenerum
369 1400 506 1479 quiddam
520 1409 608 1479 atque
620 1401 719 1474 molle,
736 1401 816 1480 quod
829 1401 1012 1481 aegritudine
1024 1400 1107 1479 quasi
1120 1409 1299 1480 tempestate

219 1486 376 1566 quatiatur.
406 1485 467 1546 Nee
482 1484 609 1546 absurde
625 1484 751 1547 Crantor
768 1487 825 1560 ille,
847 1485 944 1565 quiin
961 1495 1060 1548 nostra
1077 1485 1236 1546 Academia
1250 1485 1299 1546 vel

218 1572 249 1632 in
271 1570 374 1651 primis
388 1570 445 1630 tuit
459 1570 582 1644 nobilis,
601 1561 756 1645 ‘Minime³,
775 1573 886 1650 inquit,
899 1564 1063 1632 ‘adsentior
1078 1571 1126 1645 iis,
1143 1571 1195 1650 qui
1211 1571 1299 1631 istam
1323 1580 1348 1630 15

220 1655 321 1718 neseio
336 1673 424 1734 quam
440 1655 634 1717 indolentiam
649 1675 758 1736 magno
774 1675 865 1737 opere
880 1656 1017 1731 laudant,
1032 1674 1109 1735 quae
1123 1673 1181 1717 neo
1197 1665 1300 1736 potest

217 1787 313 1842 Mutter
330 1788 503 1856 Eriphyle,
522 1789 572 1840 wie
591 1788 727 1840 Orestes
779 1791 856 1855 3,11.
878 1789 924 1841 llio
937 1791 1024 1841 media
1037 1788 1131 1852 affinia
1147 1787 1218 1841 kann
1230 1789 1298 1842 anah

218 1857 266 1908 den
284 1855 469 1922 Agamemnon,
491 1857 593 1909 woraul
611 1857 684 1909 beide
701 1857 728 1908 in
780 1858 821 1910 ein
838 1861 969 1923 insipiens
987 1857 1104 1910 erlullen.

216 1924 360 1977 Wahnsinn
381 1923 519 1987 semelen,
543 1924 588 1976 der
612 1924 728 1992 degegen
814 1928 839 1979 6.
857 1929 954 1976 mentis
966 1926 1002 1976 ad
1020 1929 1109 1977 omnia
1128 1929 1296 1988 aaeee'tatem,

216 1993 258 2044 bei
283 1991 365 2060 Ajax
390 1994 446 2045 eine
466 1992 591 2060 wirlmng
614 1993 660 2045 des
684 2008 728 2060 ge·
780 1995 831 2046 wie
848 1993 890 2046 lV.
910 1997 950 2058 to,
970 1995 1013 2047 23:
1033 1995 1071 2045 ad
1087 1998 1175 2046 certae
1191 2011 1236 2045 res
1254 1993 1297 2055 of-

216 2059 343 2113 krlnlrten
360 2060 498 2127 Ehrgeizes
518 2075 579 2113 war.
779 2061 941 2125 sennonem
969 2061 1026 2114 Ter.
1051 2061 1129 2114 Andr.
1155 2062 1184 2117 11.
1213 2065 1246 2129 3,
1264 2064 1295 2114 3:

250 2132 274 2181 2.
292 2130 363 2179 ri—
381 2131 455 2192 erait,
472 2128 498 2179 in
517 2127 574 2181 dem
594 2145 625 2180 au
643 2128 669 2181 ll.
687 2131 728 2192 21,
780 2135 857 2182 tuum
874 2136 994 2182 animum
1012 2131 1049 2181 ad
1064 2133 1183 2196 nuptiae.
1396 2191 1397 2196 η

215 2199 249 2250 48
282 2196 452 2262 angelilhrten
485 2194 600 2248 Geretae.
652 2198 729 2249 It'aait
816 2198 1035 2261 1611556-
1054 2201 1171 2250 insania.
1205 2198 1233 2250 ln
1252 2198 1294 2252 die
1396 2200 1397 2217 ¹

215 2264 314 2317 kommt
337 2263 403 2315 noch
422 2263 463 2315 bei
483 2261 590 2318 Plautus
609 2264 661 2317 und
679 2266 727 2317 Lu·
779 2269 887 2318 insania
912 2267 950 2319 als
974 2267 1048 2319 einen
1066 2266 1227 2319 hobituellen
1245 2265 1295 2319 Zu-

214 2347 271 2384 erez
339 2334 393 2382 erit
409 2347 464 2383 vor.
779 2334 856 2386 stand
882 2334 951 2386 lrann
978 2335 1023 2387 der
1050 2335 1138 2387 Weise
1162 2335 1230 2388 nach
1248 2335 1295 2388 der

222 2447 225 2457 .
247 2403 271 2453 3.
288 2398 439 2451 smttttiam
452 2400 487 2451 im
501 2398 580 2451 Sinna
598 2399 642 2451 der
661 2399 727 2452 stoi·
779 2403 858 2454 Lehre
885 2403 930 2455 der
956 2401 1059 2455 Stoilrer
1085 2403 1157 2455 nieht
1184 2401 1294 2456 rumolt-
1330 2460 1335 2467 ,

213 2467 259 2520 lter
270 2489 305 2509 =
316 2469 459 2521 insaniam.
495 2467 545 2519 llas
563 2467 726 2520 Abstraetum
778 2471 912 2537 versatim,
930 2470 961 2523 da
978 2470 1019 2524 die
1031 2470 1139 2538 'lugend
1152 2472 1294 2524 unverlier-

215 2536 255 2587 latr
273 2534 319 2587 dns
337 2536 504 2599 Concretum,
528 2535 629 2588 wlede
653 2552 689 2590 or.
707 2537 726 2590 Ι.
779 2539 825 2590 bar
851 2539 897 2604 ist,
924 2539 993 2591 wohl
1021 2539 1083 2590 aber
1105 2537 1174 2591 lrann
1202 2540 1295 2592 eraut

188 2605 254 2669 ,16,
273 2604 336 2655 2625
361 2607 543 2656 innocentiam
560 2604 725 2656 iudiciorum
776 2607 834 2658 eine
858 2606 1025 2674 geweltsame
1049 2606 1136 2659 Weise
1158 2623 1211 2659 von
1233 2608 1293 2660 dem

208 2688 298 2739 poena
317 2673 439 2723 liberare.
775 2673 857 2736 furor
881 2675 999 2742 ergrillen
1018 2675 1131 2727 werden.
1171 2674 1246 2741 mog.
1265 2676 1291 2728 L.

250 2743 275 2794 4.
293 2741 324 2791 id
340 2745 388 2805 eet,
407 2741 456 2792 wie
474 2744 552 2793 unten
573 2742 613 2804 13,
632 2743 678 2792 tt:
695 2741 726 2792 a'd
777 2742 828 2796 Vll.
848 2746 906 2796 118.

213 2814 252 2860 eet
269 2811 386 2860 miserta.
404 2809 441 2861 Zu
451 2809 509 2861 dem
522 2807 661 2861 Gedanlren
670 2809 723 2874 vgl.
811 2813 834 2863 8.
861 2827 915 2862 nan
936 2815 1023 2877 pontt
1041 2804 1123 2864 ‘nieht
1147 2811 1210 2862 aber
1234 2803 1291 2873 -';

213 2877 279 2929 oben
290 2879 354 2939 4,9ι
371 2876 520 2928 Sanitatem
530 2880 601 2928 enim
612 2881 659 2928 ael.
776 2894 798 2930 s.
817 2879 834 2930 l.
854 2881 896 2943 48,
916 2880 964 2932 116
982 2894 1014 2931 au
1032 2895 1088 2930 non
1106 2877 1204 2939 defuit.

245 2945 458 2995 mediocritatem
468 2944 723 3008 offiaioramame·
811 2949 851 2998 12.
874 2947 950 2998 atltae
967 2951 1039 3009 nati,
1064 2947 1229 3032 Anspieluug
1248 2947 1294 3000 aul

212 3013 258 3063 dia
277 3010 378 3073 officia.
408 3011 467 3075 (Um
486 3013 527 3064 ein
542 3012 724 3077 amentiam-
775 3014 848 3066 Hom
867 3014 914 3067 011.
932 3015 996 3066 xlx.
1014 3017 1075 3069 163:
1098 3033 1130 3067 oo
1150 3011 1206 3085 γὰρ
1234 3011 1290 3068 ἀπὸ

212 3079 290 3130 tribul
312 3079 386 3130 desto
410 3080 481 3132 mehr
505 3081 723 3146 hervorzuheben,
775 3077 854 3151 danda
875 3083 936 3134 dara
953 3081 1039 3135 παλαι
1064 3080 1131 3135 droa
1149 3079 1210 3134 οὐδ’
1232 3078 1291 3137 ἀπὸ

211 3144 372 3198 vernandelt
395 3162 423 3198 es
448 3147 492 3198 der
514 3148 631 3200 Lateiner
657 3148 723 3200 diter
774 3153 881 3219 adram.
908 3149 966 3216 Vgl.
984 3151 1011 3204 ll.
1055 3151 1094 3204 Vl.
1113 3152 1225 3204 33-35.
1254 3151 1291 3204 Zu
1392 3176 1393 3193 t

211 3215 238 3265 in
269 3213 315 3265 das
343 3215 545 3281 entspreehende
572 3215 722 3268 Substantia
774 3219 900 3270 naturale
922 3243 956 3264 --
973 3225 1075 3271 natura
1098 3222 1212 3270 inritum
1238 3219 1290 3286 rgl.

210 3280 263 3333 und
286 3285 353 3333 setzt
375 3280 420 3332 dae
441 3282 535 3334 andere
553 3282 639 3336 Subst.
658 3284 722 3336 dazu
774 3287 807 3339 de
819 3302 855 3338 or.
867 3286 885 3339 l.
899 3290 940 3350 25,
962 3291 1023 3340 111ι
1041 3291 1066 3338 si
1077 3287 1145 3354 quid
1162 3288 1291 3339 naturale

210 3351 237 3401 in
255 3349 306 3401 den
324 3348 441 3401 Genetiv.
477 3349 513 3401 So
532 3352 555 3415 2,
574 3353 602 3402 1;
630 3367 724 3403 aureus
775 3353 849 3416 forte
865 3371 920 3407 nan
938 3357 1085 3418 labeant..

211 3434 315 3478 error-03
336 3421 376 3481 10,
389 3418 435 3470 22:
453 3419 650 3469 mediocritates
661 3436 724 3486 per·
811 3425 850 3475 14.
870 3422 994 3488 Crantor,
1012 3439 1032 3476 s.
1051 3439 1084 3476 zu
1102 3422 1119 3475 l.
1138 3425 1180 3486 46,
1201 3426 1260 3476 115.

211 3488 410 3546 turbationum
435 3485 465 3538 V.
486 3486 511 3549 3,
530 3489 559 3540 9:
577 3491 723 3539 nouitatem
809 3492 849 3543 16.
877 3494 967 3542 neseio
993 3507 1090 3558 quam,
1121 3491 1290 3555 verachtlich,

209 3558 338 3616 nominem
360 3557 399 3620 15,
417 3556 462 3606 43:
484 3556 514 3605 in
532 3556 664 3606 danorum
682 3572 722 3606 er-
773 3573 825 3609 von
838 3558 905 3624 dem,
924 3574 1018 3611 wovon
1033 3574 1091 3610 man
1104 3557 1182 3610 lreiue
1194 3559 1290 3612 ninere

210 3637 273 3674 rore
295 3648 328 3668 =
351 3626 381 3672 tn
406 3625 523 3688 opinatis
545 3623 639 3685 donis).
676 3622 721 3674 lile
774 3625 850 3678 Notia
869 3627 977 3678 nahmen
996 3627 1065 3678 will:
1084 3627 1275 3680 vermeintlielr.

211 3688 314 3741 Stoilrer
329 3689 526 3742 untersaheiden
545 3689 656 3742 ninilieh
670 3707 723 3741 me·
818 3694 967 3746 indolentia
982 3695 1067 3759 (nach
1089 3693 1156 3746 Non.
1181 3693 1211 3748 11.
1230 3697 1290 3759 453)

182 3817 185 3822 Ι
210 3757 256 3807 dia
269 3749 728 3824 (odereommunla‘gewdhnliehe'l
773 3777 825 3813 ron
838 3761 927 3814 (licere
942 3777 991 3814 neu
1003 3762 1126 3828 gebildet,
1146 3761 1188 3813 lilr
1207 3757 1292 3818 ἄναλ-

128 3887 132 3893 ,
156 3857 158 3862 -
193 3823 261 3875 ¹und
283 3823 404 3906 perfecta
425 3826 518 3888 offitia
537 3822 579 3889 (τὸ
596 3823 722 3890 καθῆκον
771 3833 862 3899 γησία,
881 3829 997 3882 weshalb
1016 3845 1043 3882 er
1060 3830 1093 3882 de
1111 3829 1156 3885 fln.
1169 3829 1197 3882 ll.
1212 3835 1238 3895 4,
1262 3835 1290 3884 tt
1389 3873 1390 3902 ,

191 3913 242 3928 ·—
260 3910 292 3943 ro
310 3891 503 3962 κατόρ’6ωμα);
527 3908 548 3946 s.
566 3893 598 3945 de
623 3893 666 3947 off.
683 3893 721 3946 111.
772 3901 806 3948 nt
821 3900 861 3947 ita
879 3899 968 3949 dicam
986 3898 1141 3954 hinauselat.
