2804 4474
190 209 231 269 70
531 209 626 264 LIBER
643 211 685 267 Ν.
707 214 746 278 12,
757 215 799 300 id.
819 216 859 278 13,
869 215 911 266 29.

190 403 281 450 nosos
302 383 461 461 quosdam,
484 385 627 462 quosdam
646 385 844 460 torminosos,
866 404 928 446 non
952 385 1021 465 quia
1039 385 1099 446 iam
1119 384 1196 470 sint,
1219 386 1274 446 sed

191 468 259 547 quia
279 487 376 549 saepe,
399 468 441 530 sie
463 468 512 529 alii
532 469 569 530 ad
588 479 720 544 metum,
747 469 796 531 alii
823 471 860 531 ad
888 470 975 531 aliam
1000 469 1271 549 perturbationem.

189 553 235 614 Ex
251 572 310 632 quo
327 554 357 614 in
379 553 443 614 aliis
463 559 611 629 canicies,
632 556 712 616 uude
730 555 826 628 anxii,
848 556 879 617 in
895 555 959 616 aliis
974 556 1129 617 iracundia
1149 555 1270 630 dicitur,

190 656 266 717 quae
281 638 317 698 ab
333 643 380 700 irc
395 639 507 713 dillert,
530 648 633 718 estque
658 639 736 701 aliud
756 640 932 701 iracundum
947 659 1028 712 esse,
1049 639 1128 700 aliud
1149 640 1270 712 iratum,

190 730 223 783 ut
244 723 345 784 differt
371 727 505 784 anacletus
525 723 562 784 ab
584 743 715 804 cuperet
739 743 836 804 neque
858 725 938 786 enim
965 742 1071 786 omnes
1092 725 1190 798 anxii,
1219 726 1309 803 quio

189 817 342 887 anguntm
356 807 524 886 aliquando,
548 827 618 884 nee,
641 809 692 888 qui
707 809 801 884 anxii,
819 827 937 890 semper
951 816 1119 890 anguntur,
1142 818 1176 872 ut
1191 809 1272 872 inter

189 891 361 952 ebrietatem
382 902 412 954 et
427 892 624 956 ebriositatem
641 895 779 967 interest,
802 895 940 974 aliudque
956 903 1001 956 est
1015 902 1179 955 amatorem
1194 913 1270 969 esse,

190 976 267 1038 aliud
283 986 442 1038 amantem.
479 981 576 1058 Atque
593 980 665 1040 baec
680 978 805 1041 aliorum
822 981 858 1040 ad
873 980 946 1041 alios
960 978 1083 1041 morbos
1098 979 1271 1059 proclivitas

138 1073 167 1125 28
186 1057 246 1122 late
273 1071 367 1141 patet;
395 1081 463 1124 nam
491 1063 622 1144 pertinet
642 1063 677 1125 ad
701 1082 806 1126 omncs
828 1063 1085 1144 perturbationes;
1112 1065 1143 1125 in
1166 1065 1270 1126 multis

190 1146 277 1207 etiam
292 1148 369 1209 vitiis
384 1157 516 1229 apparet,
533 1149 583 1210 sed
599 1168 710 1210 nomen
726 1168 851 1210 resnou
868 1149 965 1212 habet.
989 1149 1068 1230 Ergo
1085 1157 1114 1210 et
1130 1149 1225 1210 invidi
1241 1159 1270 1211 et
1292 1159 1324 1212 10

190 1231 315 1292 malivoli
339 1234 380 1310 [et
400 1231 488 1310 lividi]
510 1241 540 1294 et
561 1234 655 1295 timidi
676 1244 706 1295 et
727 1233 950 1309 misericordes,
972 1234 1041 1313 quia
1063 1234 1210 1313 proclives
1233 1235 1270 1294 ad

189 1334 237 1377 eas
251 1317 502 1397 perturbationes,
518 1338 580 1379 uon
596 1319 666 1398 quie
679 1337 806 1398 semper,
821 1321 970 1380 feruntur.
998 1318 1078 1380 llaec
1091 1319 1182 1397 igitur
1197 1338 1269 1398 pro·

188 1401 299 1464 olivitas
321 1403 355 1463 ad
377 1422 464 1465 suum
487 1403 627 1483 quodque
649 1423 745 1484 genus
766 1423 782 1464 a
804 1404 995 1466 similitudine
1011 1404 1147 1484 corporis
1162 1423 1269 1483 aegro·

189 1486 258 1546 tatio
281 1487 410 1561 dicatur,
436 1488 507 1548 dum
529 1507 564 1550 ea
586 1489 774 1568 intellegatur
794 1490 829 1550 ad
852 1489 1065 1568 aegrotandum
1086 1489 1267 1569 proclivitas.

188 1569 246 1631 Sed
267 1571 342 1632 haec
362 1572 392 1633 in
414 1572 501 1634 bonis
521 1572 627 1647 rebus,
650 1574 729 1652 quod
749 1575 798 1635 alii
819 1573 855 1636 ad
877 1574 932 1635 alia
946 1573 1026 1634 bona
1041 1583 1112 1634 sunt
1126 1573 1268 1652 aptiores,
1291 1587 1319 1636 15

187 1655 316 1734 facilitas
331 1658 521 1733 nominetur,
537 1660 567 1720 in
583 1659 668 1720 malis
687 1659 866 1739 proclivitas,
882 1670 914 1721 ut
929 1659 1077 1738 significet
1091 1659 1267 1738 lapsionem,

188 1741 220 1800 in
237 1741 350 1803 neutris
364 1742 471 1805 habeat
485 1745 623 1823 superius
638 1763 758 1806 nomen.

135 1811 171 1867 13
276 1826 341 1898 Quo
357 1827 445 1889 modo
462 1839 560 1890 autem
575 1829 606 1890 iu
623 1848 749 1908 corpore
765 1839 810 1891 cst
824 1829 956 1903 morbus,
972 1835 1017 1889 est
1031 1827 1206 1906 aegrotatio,
1222 1837 1268 1888 est

136 1901 166 1952 ²9
189 1909 298 1985 vitium,
314 1911 403 1974 sicin
419 1912 528 1974 animo.
562 1913 699 1976 Morbum
714 1914 864 1993 appellant
880 1913 971 1975 totius
987 1913 1122 1992 corporis
1137 1930 1266 1993 corrup·

186 1994 315 2069 tionem,
339 2003 561 2077 ccprctcticcem
575 1999 714 2061 morbum
736 2017 805 2060 cum
819 1998 1032 2072 imbecillitate,
1054 2001 1174 2071 citium,
1196 2016 1265 2059 cum
1286 2009 1316 2060 to

185 2088 285 2159 partes
300 2083 435 2161 corporis
449 2083 529 2145 inter
543 2103 574 2145 se
590 2083 747 2160 dissident,
772 2103 809 2145 ex
823 2102 883 2162 quo
899 2083 1027 2162 pravitas
1045 2081 1263 2156 membrorum,

222 2250 245 2300 l.
264 2250 319 2297 iam
331 2240 418 2300 ‘eben'
431 2265 484 2301 von
497 2248 554 2300 dem
570 2249 698 2315 jedcsmal
749 2246 820 2302 lem'.
849 2248 883 2301 So
898 2248 962 2301 vvird
975 2251 1086 2316 quicque
1101 2249 1144 2301 bei
1156 2249 1202 2302 dcc
1213 2247 1263 2301 Be-

186 2313 408 2380 Gcgenwirtlgen.
440 2315 530 2380 (Nunc
545 2318 633 2369 wurde
650 2334 698 2369 nur
749 2318 860 2383 ciebung
872 2317 999 2369 mebrcrer
1012 2316 1137 2383 Subjelcte
1150 2317 1196 2370 aul
1206 2332 1261 2369 ver-

186 2381 233 2434 aul
254 2381 299 2433 das
324 2381 382 2433 dem
401 2382 580 2450 Sprccbenden
599 2385 698 2450 Gegen-
749 2384 886 2437 schiedcne
915 2384 997 2451 llingc
1027 2391 1092 2437 stets
1121 2385 1169 2436 mit
1197 2401 1263 2436 eum

186 2449 294 2515 wirtige
312 2451 413 2514 gehen.)
748 2453 1000 2518 ubereingestimmt3
1027 2452 1080 2519 vgl.
1105 2453 1137 2504 de
1162 2469 1199 2506 or.
1222 2453 1262 2504 lll.

220 2518 244 2569 2.
269 2521 334 2584 quia
351 2534 436 2584 caepe,
460 2521 514 2585 vgl.
532 2519 570 2573 lll.
589 2522 630 2586 23,
648 2524 695 2575 55:
748 2525 790 2586 57,
807 2523 871 2573 216:
894 2537 950 2572 vce
971 2525 1025 2571 cita
1043 2521 1138 2586 tarda,
1161 2535 1262 2586 magna

184 2600 240 2635 non
258 2588 322 2651 quia
340 2590 490 2652 repentina.
743 2604 846 2655 parca,
874 2605 941 2654 quac
964 2594 1053 2640 tamen
1080 2591 1153 2640 inter
1177 2593 1264 2640 omnis

220 2658 244 2706 7.
273 2659 436 2720 amatorem,
469 2670 520 2707 von
549 2655 699 2708 blclbender
749 2662 788 2707 cet
809 2672 862 2722 ccco
877 2672 981 2722 quoque
1002 2660 1032 2706 in
1047 2671 1147 2722 genere
1164 2657 1263 2708 medic-

185 2720 351 2788 lligcnscbalt
372 2726 404 2788 (z.
417 2723 447 2775 B.
465 2723 523 2775 llor.
541 2723 622 2791 Epist.
640 2724 659 2777 1.
675 2728 697 2787 1,
749 2727 811 2776 cris.
846 2723 973 2790 Ubrigcns
998 2725 1094 2777 weicht
1112 2725 1184 2776 diese
1202 2724 1265 2776 llar-

185 2792 238 2855 38),
258 2796 391 2843 amantem
403 2807 463 2844 vom
482 2792 615 2844 einzelnen
627 2791 697 2844 l‘alle
749 2791 863 2858 stellung
873 2807 924 2844 von
934 2791 1095 2845 derTbcorie
1106 2791 1264 2845 derStoilrer

185 2864 286 2924 gesagt.
402 2914 413 2924 „
749 2860 790 2924 ab,
810 2860 877 2911 nach
897 2859 1010 2912 wclebcr
1027 2859 1073 2912 das
1092 2853 1264 2932 ἆρῥώστημα

221 2929 261 2979 10.
279 2928 361 2977 vitiis.
396 2926 465 2978 Uber
486 2923 529 2980 die
545 2926 699 2994 Bedeutung
748 2930 922 2992 (aegrotatio)
946 2939 997 2979 von
1016 2928 1061 2980 der
1085 2924 1263 2994 εὐεμπτωσίαι

184 3008 237 3046 von
254 2997 351 3044 uitium
368 3009 389 3046 s,
406 3010 438 3045 zu
458 2997 498 3058 13,
508 2997 548 3048 29.
657 3031 660 3036 ·
749 2995 811 3047 oder
824 2991 1010 3064 ιῦκαταφορία
1027 2998 1207 3062 (proclivitas)
1225 2998 1263 3048 in·

220 3062 296 3125 Ergo
309 3089 343 3098 —
351 3063 544 3128 misericordes,
557 3078 592 3115 sc.
602 3064 695 3115 dicun·
749 3063 836 3115 solem
848 3064 1016 3116 verschieden
1028 3064 1071 3126 ist,
1084 3065 1123 3116 als
1131 3067 1196 3130 jcne
1208 3079 1259 3116 von

186 3133 232 3178 tur
244 3119 342 3178 ‘liaben
359 3127 433 3179 ibren
450 3122 565 3183 Namcn’.
747 3131 806 3182 dem
820 3130 901 3182 Urtcil
915 3132 1033 3197 ausgclvt,
1051 3131 1123 3184 diese
1136 3133 1182 3186 aul
1192 3134 1263 3185 einer

222 3198 261 3248 11.
274 3195 409 3260 proclives
426 3223 460 3236 —
476 3196 620 3263 tenatur,
643 3197 695 3265 vgl.
747 3197 920 3263 Naturanlage
938 3199 1037 3251 berubt.

184 3262 254 3314 nael,
274 3264 315 3325 12,
334 3265 381 3315 41:
399 3279 454 3328 res,
478 3281 546 3330 quae
564 3267 697 3331 proclivis
784 3268 823 3320 16.
844 3265 967 3327 facilitas
981 3259 1111 3332 ‘Anlegc’,
1133 3267 1262 3333 proclivi·

185 3331 222 3381 ad
242 3332 397 3397 perniciem,
415 3347 475 3382 cum
497 3335 577 3384 semel
602 3339 695 3399 coepit,
747 3340 789 3386 tce
802 3326 986 3400 ‘Geneigtbeit
1004 3327 1094 3401 llang’.

185 3400 300 3460 lubitum
314 3398 410 3463 jedoeh
425 3397 507 3464 findet
518 3401 573 3452 sich
589 3400 617 3452 in
635 3402 697 3453 ilin-
782 3406 822 3456 1⁵1.
832 3405 983 3454 innuente
997 3401 1043 3454 lile
1053 3401 1158 3454 Stoikcr
1171 3403 1261 3455 tciltcn

184 3466 265 3520 lichen
288 3466 456 3534 Verbindung
478 3468 543 3520 auch
568 3468 613 3520 das
630 3469 696 3522 Λᾶν.
747 3470 824 3522 niml.
837 3469 981 3537 ellellingc
998 3470 1024 3521 in
1076 3475 1110 3536 te,
1129 3470 1260 3522 schlechtc

185 3539 248 3590 stati
265 3535 311 3588 des
327 3535 396 3601 Adj,
419 3537 469 3587 wie
490 3540 570 3589 onten
590 3538 630 3600 18,
648 3539 693 3589 42:
747 3537 799 3590 und
817 3538 993 3604 gleicbgiltigc
1011 3531 1039 3603 (ἆ
1058 3536 1181 3607 ιάφορα).

180 3604 299 3666 procliui
323 3605 464 3664 ieiunium
490 3604 521 3657 de
540 3603 585 3656 fin.
602 3603 634 3657 V.
652 3607 694 3670 28,
779 3609 905 3671 eupolim
921 3622 1033 3658 nomen:
1049 3605 1181 3668 facilitas.

185 3672 231 3722 84:
248 3671 369 3736 proclivi
386 3675 475 3722 cacmit
490 3675 587 3724 oratio.
782 3675 822 3727 18.
832 3676 941 3724 morbus
955 3665 1124 3739 ‘lirunlcbeit',
1134 3679 1261 3740 aegrota-

220 3740 259 3790 12.
287 3737 358 3790 Haec
377 3740 534 3805 proclivitas
564 3740 602 3791 cd
616 3755 695 3791 cuum
746 3733 958 3806 tio‘Siccbtum’,
973 3733 1261 3795 citium‘Gcbrecbcn'.

185 3805 307 3870 quodque
321 3802 632 3875 gcnm‘dieseNeigung
649 3807 695 3860 der
780 3811 821 3861 20.
844 3812 966 3861 morium
989 3825 1049 3861 cum
1066 3810 1261 3875 imbecillitate,

185 3871 319 3924 einzelnen
328 3889 361 3925 cu
372 3874 443 3926 ibren
455 3875 620 3943 respelctivcn
629 3876 694 3928 Feb·
746 3890 767 3926 s.
787 3878 810 3940 8,
830 3879 861 3930 18
880 3893 912 3929 au
931 3877 1074 3943 aegritudo
1092 3895 1128 3930 ccc
1145 3895 1186 3931 co.
