2804 4474
536 231 630 286 LIBER
647 232 689 287 lV.
708 236 732 299 3,
742 237 767 288 5.
1142 233 1181 294 57
1221 241 1224 248 ’

106 417 181 490 quot
196 417 226 470 et
241 409 345 488 quanti
360 417 480 487 poetae,
505 408 556 488 qui
571 417 670 470 autem
685 415 819 469 oratores
834 405 1026 470 exstiteruntl
1052 407 1137 468 facile
1153 416 1186 469 ut
1292 403 1294 410 ’

106 503 250 576 appareat
272 503 391 556 nostros
415 494 513 554 omnia
535 492 681 574 consequi
702 492 851 572 potuisse,
873 492 960 555 simul
982 502 1015 553 ut
1028 492 1101 556 velle
1117 511 1185 554 coe-

107 583 233 661 pissent.
776 607 777 610 ¹

194 664 253 727 Sed
270 664 306 725 de
322 663 428 728 ceteris
441 663 546 726 studiis
566 665 622 726 alio
643 664 709 726 loco
730 672 761 724 et
781 662 928 736 dicemus,
949 663 974 724 si
996 680 1067 725 usus
1087 663 1224 732 1666116

13 761 14 766 ’
71 763 87 812 5
110 759 139 812 et
154 768 244 829 saepe
259 749 393 810 diximus.
425 749 591 828 Sapientiae
606 749 736 812 studium
747 757 831 810 vetus
845 747 875 810 id
887 747 1004 826 quidem
1020 747 1049 809 in
1067 748 1186 822 nocuis,

108 836 161 898 sed
176 845 278 896 tamen
293 845 362 895 ante
377 833 466 896 Laelii
481 843 605 896 aetatem
617 843 647 896 et
662 833 810 913 Scipionis
825 851 886 895 non
901 833 1028 914 reperio,
1044 851 1119 912 quos
1135 851 1187 912 ap·

108 921 221 1001 pellarc
237 922 346 1000 possim
368 919 558 994 nominatim
585 919 694 1000 quibus
717 917 955 980 adulescentibus
970 917 1101 980 Stoicum
1116 917 1187 980 llio·

109 1025 208 1084 genen
226 1014 256 1066 ct
266 1004 474 1066 Academicum
487 1004 667 1068 Carneadem
678 1004 763 1066 rideo
779 1003 814 1064 ad
827 1012 961 1066 senatum
977 1003 1187 1066 6611666166-

109 1091 194 1153 sibus
208 1090 315 1152 missos
329 1108 394 1151 esse
409 1091 536 1168 legatos,
560 1090 612 1169 qui
627 1108 696 1152 cum
710 1089 753 1150 rei
769 1087 905 1168 publicae
921 1087 1031 1150 nulhm
1047 1105 1188 1168 umquam

60 1185 88 1238 lt
108 1186 228 1256 partem
243 1173 409 1253 attigissent
429 1185 567 1254 essetque
587 1193 690 1237 eorum
712 1174 785 1236 alter
801 1173 982 1254 Cyrenaeus,
1004 1173 1079 1234 alter
1092 1173 1188 1254 Baby·

110 1261 226 1336 lenius,
248 1278 409 1339 numquam
424 1262 560 1340 prolecto
576 1259 685 1323 scholis
700 1268 801 1322 essent
821 1257 938 1320 excitati
953 1274 1050 1338 neque
1065 1259 1101 1320 ad
1117 1258 1188 1320 illud

110 1365 223 1410 munus
246 1345 349 1419 electi,
375 1345 432 1408 nisi
459 1346 489 1407 in
516 1346 691 1425 quibusdam
712 1343 898 1426 principibus
922 1341 1107 1422 temporibus
1132 1342 1189 1405 illis

112 1432 240 1495 luissent
253 1429 349 1492 studia
364 1431 526 1494 doctrinae.
557 1432 615 1504 Qui
631 1449 698 1493 cum
713 1438 810 1492 cetera
821 1427 927 1492 litteris
940 1428 1124 1498 mandarent.
1140 1427 1188 1489 alii

112 1517 159 1580 ius
174 1516 275 1588 civile,
299 1515 346 1578 alii
368 1516 517 1578 crationes
537 1536 620 1592 suas,
644 1516 690 1580 alii
712 1523 905 1576 monumenta
925 1513 1089 1589 maiorum,
1111 1514 1189 1575 hanc

152 1671 174 1719 1.
187 1669 252 1732 quot
263 1670 290 1716 et
301 1666 396 1732 quanti
425 1670 508 1719 66166.
541 1665 627 1733 Vgl.l.
679 1661 806 1726 eisterer’3
824 1664 877 1729 vgl.
895 1664 913 1716 l.
931 1665 972 1730 38,
991 1667 1031 1720 91.
1062 1661 1190 1730 Diogenes

116 1736 175 1799 1,3‚
189 1749 232 1786 wo
241 1731 330 1786 Cicero
339 1733 383 1785 der
423 1735 629 1801 ahrheitwenig-
678 1747 733 1784 war
753 1731 892 1798 eigenllich
914 1747 960 1784 nus
978 1729 1107 1795 Seleucia,
1125 1731 1191 1784 hiels

116 1808 188 1856 slens
206 1802 285 1854 nither
302 1801 401 1854 kommt
418 1802 457 1854 als
474 1801 537 1856 hier.
679 1801 740 1852 aber
766 1799 929 1866 gewdhnllch
956 1798 1001 1851 der
1026 1799 1190 1867 Babylonier,

161 1876 250 1922 661666
280 1868 351 1922 61661
381 1871 408 1922 16
434 1869 577 1922 6616116166
597 1886 629 1922 66
679 1882 770 1934 wegen
789 1866 834 1920 der
851 1866 923 1918 Nihe
940 1866 1028 1920 beiden
1046 1867 1113 1920 orte.
1181 1899 1196 1926 0

117 1939 191 2002 6666,
204 1937 250 1990 das
263 1935 335 1990 Neue
348 1937 386 1990 als
399 1942 480 1989 etwas
492 1954 553 1990 vom
588 1954 629 1990 cr·
716 1939 755 1990 ll.
773 1935 871 1987 scholis
892 1937 1005 1986 66611616·
1016 1958 1050 1978 2-
1063 1952 1077 1984 6
1094 1935 1192 1986 scholis

117 2004 505 2073 hergehendenVerschiedenes
514 2006 631 2058 hemerk-
677 2006 821 2070 protracti.
850 2004 922 2055 Auch
935 2001 962 2055 16
974 2003 1018 2056 der
1031 2004 1127 2055 6116666
1136 2001 1192 2054 Zeit

117 2075 163 2127 har
175 2091 206 2126 au
219 2074 335 2138 macheu,
352 2073 444 2127 wiell.
458 2077 499 2139 20,
512 2077 558 2128 57:
577 2091 631 2141 quc
683 2070 786 2124 worden
800 2070 879 2124 olters
897 2071 976 2123 durch
988 2070 1193 2137 Redegewsndt·

113 2143 319 2210 pulchritudino
327 2145 427 2209 orbern,
438 2146 533 2208 quidus
541 2148 631 2194 cutem
682 2141 735 2191 heit
748 2139 960 2206 ausgeaeichnete
972 2137 1077 2192 1116666
1094 2139 1133 2192 616
1144 2137 1193 2190 Ce-

120 2213 213 2278 opr'dm
228 2211 381 2276 praeditam
399 2217 447 2263 cet.
682 2208 771 2260 sandte
793 2207 945 2274 gebraucht;
969 2223 998 2260 so
1016 2207 1123 2273 Gorgias
1140 2222 1192 2260 von

153 2280 176 2330 2.
195 2284 301 2330 nostros
324 2281 413 2330 omnia
436 2281 563 2346 consequi
584 2294 632 2345 po·
682 2275 730 2329 den
749 2276 915 2340 1666116666,
939 2276 1029 2328 Cineas
1053 2291 1113 2328 vern
1131 2274 1152 2327 P
1171 2293 1193 2328 r·

119 2350 209 2399 16166.
235 2346 294 2412 Vgl.
311 2346 329 2398 1.
350 2350 373 2410 1,
387 2350 409 2400 1.
681 2345 752 2410 rhus,
770 2344 989 2398 Creteshlallctes
1007 2346 1055 2398 161
1070 2360 1130 2398 voro
1165 2348 1193 2396 6-

152 2415 283 2479 61666161,
296 2413 480 2479 6166166166,
494 2414 631 2481 einigenral
682 2413 741 2479 nige
764 2412 873 2465 Attalns.
912 2413 1072 2479 lligectliche
1096 2412 1194 2466 816616-

118 2483 160 2535 bei
170 2483 272 2544 Cicero;
286 2497 314 2534 so
324 2499 349 2550 p.
360 2481 446 2538 Plano.
460 2484 537 2544 6,11;
549 2482 632 2534 666661
681 2483 785 2534 666666
807 2481 895 2534 hatten
919 2481 961 2533 die
983 2481 1097 2534 Athener
1119 2481 1194 2534 uber-

118 2556 150 2602 61
167 2553 215 2616 qui
231 2554 286 2601 sict
301 2549 416 2615 professi
435 2551 541 2613 videam
564 2549 630 2603 Phil.
682 2549 736 2600 dies
759 2549 825 2614 jetzt
853 2549 923 2600 nicht
947 2549 1026 2603 mehr.
1064 2547 1115 2600 Der
1142 2563 1193 2602 von

117 2617 156 2672 lll.
175 2623 199 2684 1,
212 2621 239 2680 2;
258 2619 284 2670 16
296 2617 367 2673 Verr.
378 2618 396 2671 l.
410 2621 451 2683 26,
464 2622 506 2671 hl.
682 2617 770 2668 Cicero
783 2617 955 2683 engebrachle
967 2616 1053 2669 Grund
1071 2617 1105 2668 ist
1123 2616 1194 2668 nicht

153 2691 177 2740 4.
189 2702 385 2752 ucus=opus;
402 2685 498 2752 licerit,
514 2685 631 2749 16666,
681 2685 782 2750 richtlg.

120 2755 169 2807 wie
185 2755 215 2807 ll.
235 2758 275 2818 16,
288 2757 328 2808 37.
711 2752 1130 2817 1266661666666666166161666.
1147 2749 1193 2801 Β61

154 2823 305 2886 herewald
317 2824 431 2888 quidm.
463 2821 561 2888 Wegen
574 2826 632 2888 qui·
683 2820 727 2873 der
744 2817 844 2885 Jugend
868 2819 912 2871 der
935 2817 1081 2884 gebildeteu
1099 2816 1195 2870 Sticde

119 2891 179 2942 dem
197 2907 217 2944 s.
236 2907 268 2943 au
279 2889 298 2942 l.
311 2894 335 2957 3,
345 2895 369 2946 6.
399 2890 444 2943 1116
457 2889 539 2942 Ssche
551 2891 633 2942 selbst
684 2887 762 2940 Rome
774 2886 867 2938 landen
880 2887 921 2939 die
932 2886 990 2938 drei
1002 2885 1115 2938 Athener
1126 2900 1196 2938 zwar

119 2960 154 3012 ist
174 2959 242 3012 leere
260 2958 402 3019 Prahlerei;
425 2960 492 3012 denn
509 2974 557 3018 ver
574 2958 632 3010 dem
683 2956 769 3008 vielen
792 2953 897 3017 Beilall;
924 2954 997 3006 indes
1019 2953 1126 3006 suchten
1151 2969 1196 3006 su·

119 3029 153 3080 im
181 3027 318 3093 folgenden
346 3027 493 3081 erwdhnten
518 3027 633 3092 Ereignis
684 3023 756 3087 dere,
777 3022 818 3075 dle
836 3038 888 3075 von
905 3021 950 3074 der
967 3021 1133 3090 Philosophie
1151 3021 1197 3076 der

119 3095 206 3148 finden
218 3095 274 3147 sich
291 3095 317 3146 in
330 3095 394 3147 Rom
413 3095 540 3148 durchaus
558 3095 632 3147 keine
685 3089 1197 3144 GriecheuGelahrldrdierdmischeSit·

121 3162 220 3232 Spnren
239 3164 310 3217 einer
326 3163 505 3232 spelrulativen
521 3162 633 3216 Ceisles-
684 3164 832 3225 tenstrenge
846 3159 999 3222 lurchteten‚
1015 3160 1066 3212 wie
1080 3163 1196 3211 noment-

120 3231 247 3298 richtung.
683 3226 735 3279 lich
749 3227 811 3280 Cato
826 3226 970 3292 Censorius,
988 3227 1057 3280 diese
1071 3227 1195 3280 Gesandt·

160 3303 185 3353 7.
213 3302 309 3366 puteus
335 3299 558 3362 adulescentibus,
583 3301 632 3351 155
684 3295 767 3348 schalt
789 3296 927 3363 moglichst
949 3295 1010 3348 bald
1031 3295 1127 3347 wieder
1143 3311 1197 3347 ron
1232 3313 1234 3316 ·

120 3384 145 3421 v.
156 3368 222 3434 Chr„
234 3383 277 3421 wo
287 3366 373 3435 Scipio
382 3367 445 3431 (Ah.
455 3367 527 3432 min.)
539 3367 632 3433 genade
684 3363 749 3416 Rom
767 3380 799 3416 zu
817 3365 960 3417 entiernen.
988 3362 1046 3429 Vgl.
1064 3363 1096 3415 de
1114 3378 1150 3415 or.
1168 3362 1197 3415 ll.

121 3436 261 3502 36111166
278 3441 345 3488 etwa
365 3435 487 3489 3316166
505 3434 597 3488 zahlte.
685 3435 797 3498 37,154.
1286 3481 1288 3488 ,

154 3505 303 3570 Diogenen,
322 3519 342 3556 s.
361 3519 393 3555 nu
415 3502 433 3557 l.
449 3505 492 3568 26,
504 3506 549 3564 65;
570 3503 633 3555 Gar·
720 3503 759 3555 13.
778 3500 1118 3564 doctrinao=capienticc
1136 3496 1197 3549 oder

121 3573 241 3637 neodem,
259 3571 459 3636 66111.22,64;
479 3572 564 3636 uideo,
583 3571 633 3622 wie
681 3571 876 3636 philosophice.

122 3643 162 3702 22,
178 3642 327 3692 50=s0io.
721 3641 762 3689 14.
779 3638 931 3703 inficiatio,
954 3634 1004 3685 wie
1023 3631 1068 3684 der
1085 3632 1102 3684 l.
1121 3635 1145 3696 9,
1165 3634 1197 3686 18

156 3712 180 3763 9.
190 3711 284 3759 missos
292 3725 346 3758 666
358 3707 467 3772 legatos.
492 3705 636 3759 Alsdrilter
687 3702 1012 3769 genanntehliusSextus3
1023 3703 1198 3752 orodonas—

121 3792 176 3828 war
193 3776 238 3829 der
250 3775 435 3842 Peripatetilrcr
448 3775 574 3828 Critolaus
592 3774 635 3826 da·
685 3777 858 3824 monumenta
881 3775 930 3838 (Ε
947 3786 990 3819 res
1010 3771 1122 3834 gestas),
1148 3769 1198 3820 wie

122 3845 171 3897 bel.
200 3843 258 3910 Vgl.
275 3843 341 3896 Einl.
360 3859 382 3896 a.
399 3843 459 3897 Ani.
687 3840 749 3892 Cato
767 3841 793 3891 in
817 3841 905 3892 seinen
924 3836 1052 3903 Origines,
1072 3837 1124 3904 agl.
1144 3836 1198 3890 Cat.

159 3916 198 3967 10.
222 3912 291 3963 alter
306 3941 338 3950 -
352 3913 433 3963 alter:
453 3903 584 3963 ‘letzterer
602 3939 635 3948 —
686 3905 720 3959 ll.
741 3912 781 3973 11,
795 3909 835 3961 38.
