2822 4462
547 209 641 262 croco
658 210 676 263 1.
695 213 736 278 21,
755 213 796 276 oe,
814 213 857 264 oe.
1203 210 1242 268 59

157 400 288 460 eumque
304 390 486 444 venerantur
500 390 534 443 ut
547 382 651 457 doum;
674 381 814 444 liberatos
830 380 910 442 onim
926 401 958 443 se
980 400 1035 462 per
1056 401 1124 444 eum
1140 383 1244 444 dieunt

158 465 339 548 gravissimis
362 466 500 541 dominis,
523 476 638 528 terrore
655 467 838 547 sempiterno
861 476 890 528 et
911 466 1020 528 diurno
1044 486 1078 529 oo
1095 477 1242 530 nocturno

159 562 249 615 metu.
282 552 349 624 Qiro
365 550 503 614 terrore?
524 571 583 631 quo
600 549 706 614 metu?
728 571 802 632 quae
824 560 869 614 est
889 570 965 614 auus
986 561 1046 613 tam
1062 554 1152 615 delira
1169 572 1244 633 quae

159 639 262 700 timeat
272 637 340 712 isto,
353 655 428 716 quae
439 656 492 699 vos
504 637 646 713 videlicet,
658 638 683 699 si
695 637 815 718 physica
828 656 890 699 non
903 637 1087 710 didicissetis,
1100 638 1244 700 timeretis

123 734 138 783 5
158 723 336 785 deboruusia
353 722 457 803 templa
472 722 532 785 alta
550 723 627 796 Orci,
646 721 760 804 pallido
779 723 836 795 leti,
859 722 994 786 obnubilo
1015 724 1137 786 tenebris
1160 721 1244 786 loca?

160 810 226 870 Non
235 806 547 888 pudetphilosopbum
558 807 588 869 in
597 827 632 869 eo
640 807 771 886 gloriari,
783 809 861 888 quod
870 807 942 870 haec
950 826 1010 870 noo
1020 809 1244 888 timeatetquod

161 895 230 956 falsa
244 911 310 954 esse
319 891 515 972 cognoverit?
527 893 618 972 Equo
631 892 965 973 inteliegipotestquam
974 894 1052 956 acuti
1062 895 1243 974 naturasiut,

161 969 302 1058 quoniam
318 978 471 1039 haeceine
487 977 620 1040 doctrina
636 977 778 1039 credituri
793 979 925 1041 fuerunt.
941 979 1132 1042 Praeclarum
1146 990 1245 1041 autem
1267 988 1296 1036 rt)

161 1065 264 1126 nescio
288 1062 359 1143 quid
375 1063 474 1143 adepti
489 1073 569 1138 suot,
586 1064 666 1143 quod
682 1063 852 1126 didicerunt
865 1083 906 1138 se,
923 1082 990 1126 cum
1007 1072 1124 1144 tempus
1139 1065 1242 1128 mortis

111 1159 138 1208 10
159 1149 299 1223 venisset,
315 1157 394 1210 totos
410 1168 475 1211 esse
490 1149 650 1229 perituros.
675 1148 760 1219 Quod
774 1158 806 1210 ut
817 1148 856 1209 ita
871 1148 1037 1211 sit-nihii
1048 1150 1127 1211 euim
1140 1169 1242 1231 pugno

160 1233 293 1314 —,quid
304 1233 459 1296 habetista
470 1252 519 1296 res
529 1243 581 1296 aut
591 1233 724 1296 laetabile
736 1243 787 1296 aut
797 1231 982 1312 gloriosum?
993 1235 1242 1296 Nectameomihi

161 1339 234 1382 sane
251 1319 410 1398 quicquam
425 1320 557 1381 occurrit
578 1337 633 1381 cur
654 1338 716 1381 noo
733 1319 916 1400 Pythagorae
931 1319 970 1381 sit
984 1328 1013 1380 et
1027 1319 1160 1382 Platonis
1174 1339 1243 1381 vera

161 1405 322 1466 sententia.
352 1404 393 1465 Ut
406 1405 487 1466 enim
501 1405 650 1466 rationem
665 1404 747 1466 Plato
770 1404 880 1466 nutam
897 1404 1025 1466 adferret
1036 1440 1079 1451 -
1090 1405 1156 1466 vide
1172 1406 1243 1484 quid

161 1489 277 1552 homini
292 1487 422 1550 tribuam
435 1525 489 1564 -‚
504 1490 566 1570 ipsa
582 1489 756 1551 auctoritate
771 1508 817 1551 me
833 1491 1000 1570 frangoret3
1022 1498 1067 1550 tot
1082 1497 1180 1552 autem
1195 1509 1242 1552 ra·

111 1585 141 1634 15
162 1576 259 1637 tiones
271 1574 379 1648 attulit,
395 1583 428 1636 ut
442 1575 516 1637 velie
532 1575 649 1649 ceteris,
664 1574 721 1637 sibi
737 1583 818 1638 certe
832 1575 1014 1655 persuasisse
1029 1575 1171 1638 videatur.

163 1709 252 1761 haifst:
275 1711 401 1760 inuentor
423 1713 450 1760 et
463 1710 588 1776 princeps
607 1708 677 1760 scos-

162 1792 255 1828 corum
271 1775 335 1838 suit.

198 1849 220 1899 1.
244 1849 277 1896 ut
302 1845 387 1896 doum.
432 1844 467 1897 So
485 1844 584 1898 Lucret.
603 1843 676 1909 V,8:

163 1915 307 1966 dicendum
324 1918 371 1978 est,
389 1914 454 1964 douo
470 1913 517 1964 tlte
533 1911 600 1974 suit.

195 1987 220 2035 4.
238 1982 365 2034 videlieet
379 1973 538 2046 ‘naturlich’,
555 1979 676 2034 ironisch.

197 2054 221 2102 5.
238 2051 409 2102 Acherunsia
427 2049 525 2115 templa
542 2053 591 2101 cet.
627 2048 676 2100 Re·

162 2119 336 2171 minisceuacu
362 2132 409 2169 aas
431 2116 476 2168 der
498 2117 676 2170 Andromacha

162 2187 206 2239 des
224 2186 330 2239 Ennius.
359 2183 478 2237 Ribbeck
495 2184 677 2238 koustituierte

160 2255 248 2307 irdher
265 2255 337 2307 diese
355 2251 436 2305 Verse
453 2267 495 2306 so:

159 2323 333 2376 &ommia
345 2319 443 2388 compta
455 2323 512 2373 alta
526 2322 597 2386 Orci,
615 2319 677 2374 eda·

378 2395 433 2454 cta,
449 2392 557 2452 calueto,
576 2388 676 2456 dusera,

161 2459 267 2514 Paluda
278 2461 334 2526 leti,
346 2458 473 2512 obaubitu
486 2461 622 2578 lumbrici
635 2496 676 2512 ...

621 2544 678 2594 ooo,

162 2611 204 2648 wo
232 2597 280 2647 loti
304 2609 357 2647 von
384 2595 442 2647 ioca
470 2595 599 2661 abbdogt,
625 2595 677 2646 und

162 2664 261 2716 Vahlen
280 2667 362 2716 setate
379 2664 406 2715 io
424 2662 473 2716 deu
493 2666 516 2716 2.
528 2661 592 2715 Vera
610 2662 676 2714 oocb

162 2731 240 2796 dim,
256 2729 374 2783 aeternio
389 2732 440 2785 ein.
462 2729 676 2796 1ηᾶεπ2.Διιες.

162 2801 207 2853 der
235 2798 311 2866 Trag.
338 2800 392 2852 Lat.
414 2798 471 2852 rell.
495 2816 520 2867 p.
545 2800 579 2851 24
605 2799 677 2850 stelit

161 2865 677 2932 RibbecknccheioeandereVermutung

163 2937 215 2989 aui.
238 2965 272 2975 -
300 2936 407 3001 Templa
433 2933 491 2988 sind
517 2934 574 2985 hier
598 2935 677 2987 weite

162 3004 260 3056 Rdume
281 3004 434 3069 uberhaupt,
452 3003 503 3054 wie
521 3002 563 3055 bei
580 3001 677 3056 Ennius

161 3075 228 3124 Anu.
241 3073 259 3126 1.
272 3073 303 3128 ir.
316 3075 349 3125 34
366 3072 486 3137 (Vahlen)
504 3069 549 3123 der
566 3070 676 3123 flimmel

163 3143 231 3193 caeli
249 3141 358 3193 caerula
370 3140 468 3207 teoupia
481 3139 533 3191 und
546 3139 588 3192 bei
600 3139 676 3192 Plau-

163 3217 205 3262 tus
223 3209 276 3262 bril.
288 3208 317 3261 11.
330 3213 354 3273 b,
367 3211 382 3260 3
396 3208 441 3260 das
453 3206 523 3259 Mser
535 3207 594 3260 loca
607 3207 677 3274 Nep·

163 3280 241 3330 iunia
255 3277 405 3344 temploque
421 3275 577 3327 turbulenta
589 3276 676 3329 beiist.

197 3348 221 3398 6.
239 3344 302 3398 Noa
317 3346 402 3411 pudet
418 3350 468 3396 cet.
485 3344 537 3408 vgl.
556 3360 588 3397 zu
601 3348 625 3407 8,
637 3347 677 3400 tr.

195 3417 228 3464 iu
261 3430 292 3465 oo
319 3413 439 3478 gloriam·
472 3411 559 3464 darein
588 3413 677 3465 seioen

162 3480 245 3533 Ruhm
263 3486 360 3533 actaea.
396 3480 454 3547 Vgl.
473 3480 677 3535 dedcorant.

163 3552 204 3612 36,
214 3553 260 3602 87ι
277 3552 307 3600 iu
319 3551 421 3601 uirtute
432 3553 504 3600 reete
513 3550 676 3613 gloriamur.

196 3621 220 3671 8.
234 3617 368 3668 credituri
375 3615 491 3680 fuorunt
500 3616 540 3668 idr
549 3618 678 3669 credidis·

161 3691 229 3750 sent,
247 3700 302 3738 was
320 3685 365 3738 der
387 3684 593 3751 gowibolicbere
611 3687 677 3738 dos·

164 3753 245 3805 druck
264 3755 340 3807 wire.
369 3753 423 3806 Aus
437 3755 512 3818 J'eoer
524 3752 599 3804 Form
617 3753 679 3806 aber

164 3821 259 3874 erklart
282 3836 311 3874 es
332 3822 401 3886 sich,
427 3835 525 3873 warum
548 3825 610 3873 statt
632 3820 678 3874 des

165 3889 237 3955 Gooj.
264 3888 367 3958 Piqupi.
394 3891 430 3941 im
455 3888 610 3955 Hauptsatze
633 3889 679 3943 der

727 1708 863 1776 hypothet.
894 1708 1129 1774 Satuverbiodung,
1166 1724 1242 1761 weron

728 1776 798 1828 diere
821 1792 872 1828 von
900 1777 970 1829 einer
994 1775 1172 1842 Konjunktion
1199 1778 1243 1828 ab·

728 1844 825 1910 biangig
838 1843 910 1907 wird,
931 1845 1028 1897 welche
1047 1860 1078 1896 aa
1092 1845 1147 1896 sich
1162 1844 1243 1896 achon

728 1911 778 1964 den
797 1910 874 1976 Kooj.
891 1913 997 1977 regiam,
1015 1912 1061 1965 der
1074 1911 1148 1977 Gouj.
1161 1909 1241 1965 Peri.

729 1980 774 2032 der
796 1980 949 2046 periphrast.
966 1978 1141 2045 KooJugatiou
1165 1978 1243 2032 steht.

762 2047 951 2111 Praeclarum,
996 2049 1064 2114 bier,
1106 2048 1155 2099 wie
1195 2048 1242 2113 oft,

729 2116 849 2171 ironisch.

764 2189 805 2239 10.
816 2185 895 2250 Quod
901 2189 933 2236 ut
949 2187 989 2236 ita
1000 2186 1046 2250 sit,
1063 2183 1174 2237 nichh
1187 2183 1242 2237 dats

728 2251 770 2304 dle
796 2252 888 2305 Seelen
911 2253 1033 2306 sterblich
1056 2254 1134 2306 scien.
1170 2252 1242 2306 Hier-

729 2322 792 2374 dber
810 2321 864 2373 will
883 2322 938 2374 sich
950 2321 1000 2375 dic
1018 2322 1044 2374 iu
1056 2321 1150 2375 keiueu
1164 2321 1243 2374 Streit

728 2390 776 2442 mit
793 2389 842 2442 den
860 2389 1018 2456 Epibureero
1037 2389 1173 2441 einlasscu.

764 2460 804 2511 12.
823 2461 952 2526 occurrit,
971 2458 1020 2509 wie
1032 2457 1049 2523 ὅ
1061 2460 1093 2512 st
1106 2455 1159 2510 uod
1171 2456 1241 2511 Brut.

729 2531 753 2590 Ἰ,
766 2528 811 2579 26:
830 2527 862 2578 Iu
883 2525 1023 2578 Graeciam
1044 2542 1104 2578 oum
1126 2529 1241 2590 intueor,

728 2597 847 2646 maaime
862 2596 931 2644 mibi
948 2600 1096 2645 occurrunt
1112 2595 1242 2657 Atbauao,

763 2661 885 2712 Platonis
896 2690 930 2698 -
941 2665 1083 2723 contemtia,
1095 2660 1152 2712 deis
1164 2661 1241 2713 nimi.

728 2729 773 2782 der
791 2727 863 2780 Geist
880 2727 1039 2780 unsterblicb
1057 2729 1104 2780 sei.

764 2799 803 2851 14.
821 2793 926 2848 bamini
942 2795 982 2847 fior
1000 2798 1033 2858 ei,
1051 2795 1077 2846 in
1094 2793 1182 2860 Beaug
1199 2796 1245 2848 aui

728 2865 785 2917 eine
808 2863 888 2915 schoa
913 2867 1041 2930 genaunte
1064 2862 1173 2927 Person,
1200 2863 1241 2915 bei

729 2933 781 2986 Cic.
795 2931 913 2983 oicmlicb
925 2929 1014 2998 biufig
1025 2930 1100 2995 (auch
1112 2934 1165 2995 uir,
1181 2931 1242 2984 aber

728 3001 800 3052 nicbt
812 3002 856 3052 bio
868 3001 945 3052 bomo
956 3003 1024 3066 cet),
1037 3017 1059 3053 a.
1069 2999 1097 3052 Β.
1106 2999 1134 3052 11.
1145 3002 1187 3058 2¹1.
1196 3003 1241 3054 65:

728 3073 760 3122 ut
771 3073 810 3120 est
821 3074 916 3134 captur
928 3070 1076 3130 bominum
1095 3067 1126 3121 V.
1140 3071 1181 3134 21,
1194 3072 1241 3124 61:

728 3137 867 3190 conlocari
877 3139 957 3190 iussit
968 3139 1100 3190 bominem
1116 3140 1147 3188 iu
1159 3154 1241 3191 aureo

730 3206 810 3268 tecam
830 3206 926 3259 ebeuso
943 3221 1000 3258 rom
1019 3206 1059 3258 sur
1077 3206 1107 3257 id
1124 3208 1219 3271 ³¹1,89.

762 3278 821 3341 ipsa
831 3274 932 3338 (sebon)
941 3278 1103 3326 auctoritato
1111 3290 1152 3325 me
1162 3272 1242 3337 sran-

727 3347 812 3408 gorst.
838 3341 1081 3407 codiciacus:
1100 3342 1177 3393 Hunc
1194 3347 1241 3406 (sc.

728 3412 890 3476 Epicurum)
917 3415 1061 3476 antepones
1086 3409 1195 3460 Platoni
1215 3415 1242 3460 ot

729 3481 855 3532 Socrati?
873 3481 921 3545 qui
931 3483 963 3529 ut
974 3481 1106 3530 rationem
1117 3492 1172 3527 uon
1183 3478 1242 3528 rad-

729 3550 829 3613 dorout,
848 3548 1013 3597 auctoritate
1024 3549 1115 3595 tamen
1127 3546 1174 3595 boe
1190 3549 1241 3595 mi·

729 3620 809 3667 autor
823 3614 995 3681 pbilosopoos
1012 3615 1158 3665 vincerent.
1182 3611 1241 3678 vgl.

729 3682 795 3736 auch
813 3683 880 3734 oben
902 3684 941 3746 17,
954 3683 986 3734 40
1004 3680 1061 3732 init.

765 3754 806 3806 15.
825 3748 891 3801 uelle
905 3752 1008 3813 catoris,
1026 3763 1061 3800 sc.
1071 3748 1242 3814 persuadere.

729 3819 762 3871 Es
785 3820 850 3882 licgt
871 3817 943 3869 daria
966 3817 1010 3870 der
1028 3814 1163 3876 Godanke,
1185 3813 1242 3864 dats

729 3886 804 3944 Plato
823 3885 893 3938 dicae
906 3883 1048 3952 Wahrhcit,
1067 3899 1118 3935 von
1131 3879 1242 3932 welcher
