2800 4476
220 231 283 290 wc
572 228 934 296 mmummmu

215 407 284 466 dem
306 412 404 465 autem
420 402 610 477 Locrensem,
633 403 675 465 sic
698 409 790 465 noctu
812 402 847 463 ad
870 421 919 464 eas
941 400 1116 474 ventitabat,
1140 409 1174 461 ut
1196 399 1297 460 omnia

216 490 421 570 specularetur
436 497 466 550 et
480 496 718 569 perscrutaretur
737 496 816 548 ante.
845 487 965 548 Etcum
981 488 1088 548 lessam
1107 485 1196 546 latam
1213 482 1296 546 cubi-

218 575 311 660 cplari
332 575 408 636 lecto
431 573 672 636 circumdedisset
692 573 816 652 eiusque
845 573 940 634 lossae
961 572 1117 634 transitum
1141 570 1296 650 ponticulo

217 659 317 740 ligneo
334 659 551 735 coniunxisset,
573 678 641 720 eum
656 659 769 738 ipsum,
792 676 859 720 cum
874 659 969 719 iorem
995 656 1123 718 cubiculi
1140 656 1297 725 clauserat,

218 743 422 828 detppquebat.
451 744 593 823 idemque
608 763 677 805 cum
692 744 722 804 in
739 743 947 832 commu-pibus
970 741 1115 836 suggestis
1130 740 1296 819 consistere
1315 749 1329 798 o

166 842 197 893 to
218 829 435 902 nouaunemt,
451 829 617 890 contionari
632 848 668 890 ex
683 829 759 890 turri
774 829 830 889 alta
846 827 968 890 solebat.
998 830 1094 905 Atque
1109 826 1135 888 is
1150 844 1220 887 cum
1236 825 1295 905 pila

217 916 321 978 ludere
334 913 420 975 vellet
434 947 471 960 -
481 914 610 976 studiose
623 915 703 976 euim
714 915 743 976 id
751 913 900 976 factitabat
911 913 1146 991 -tunicamque
1157 919 1295 991 poneret,

218 999 455 1073 adulescentulo,
485 1018 573 1078 quem
596 999 727 1072 amabat,
749 999 902 1060 tradidisse
927 998 1056 1079 gladium
1078 995 1196 1058 dicitur.
1241 996 1295 1056 llic

218 1104 287 1149 cum
301 1085 419 1164 quidam
435 1085 585 1146 familiaris
607 1086 709 1147 iocans
729 1085 864 1146 dixisset:
886 1077 975 1146 ‘Huic
988 1083 1101 1164 quidem
1116 1093 1190 1143 certe
1204 1085 1295 1144 vitem

216 1182 299 1232 tuum
313 1161 495 1242 committis’,
512 1170 720 1249 adrisissetque
731 1170 913 1240 adulescens,
929 1178 1089 1247 utromque
1105 1167 1191 1228 iussit
1201 1166 1294 1227 inter·
1316 1179 1343 1228 to

217 1257 276 1330 ilci,
290 1255 425 1328 alterum,
441 1255 510 1334 quia
524 1256 600 1316 viam
610 1255 872 1316 demonstravisset
885 1253 1074 1314 interimendi
1086 1253 1141 1326 sui,
1157 1252 1292 1328 alterum,

219 1343 287 1420 quia
306 1341 415 1402 dictum
439 1329 553 1402 id'risu
575 1340 804 1422 approbavisset.
848 1339 945 1418 Atque
967 1358 1002 1400 eo
1025 1340 1103 1399 iacto
1125 1338 1168 1400 sic
1191 1337 1293 1411 doluit,

218 1427 293 1488 uibil
307 1435 341 1488 ut
354 1426 457 1488 tulerit
476 1426 592 1506 gravius
613 1426 643 1487 in
658 1427 733 1502 vita3
757 1444 845 1504 quem
867 1425 947 1486 enim
967 1424 1159 1485 vehementer
1172 1434 1293 1496 amarat,

218 1512 375 1574 occiderat.
426 1511 475 1573 Sic
496 1511 701 1573 distrahuntur
728 1511 757 1572 iu
782 1510 944 1571 contrarias
965 1509 1057 1589 partis
1083 1509 1292 1588 impotentium

165 1661 202 1716 21
219 1597 410 1677 cupiditates3
427 1614 494 1657 cum
505 1597 579 1742 ddum
594 1596 753 1742 obsecutus
767 1595 817 1668 sis,
833 1594 936 1692 illiuest
950 1593 1188 1740 reqzugnandum.
1314 1603 1339 1654 15

1058 1699 1073 1737 V

166 1741 194 1792 ⁶1
219 1682 511 1829 saldimia
523 1688 1293 1846 1111111111111,1111111,1111ῑ

217 1859 397 1914 memoraret
417 1852 447 1913 in
469 1871 607 1914 sermone
628 1853 728 1931 copias
750 1851 828 1924 eius,
851 1869 937 1930 opes,
960 1851 1141 1912 maiestatem
1157 1850 1292 1912 domina·

217 1947 275 2011 tus,
292 1955 392 1998 rerum
407 1937 626 2010 abundantiam,
641 1936 889 2017 magnificentiam
901 1936 1016 1998 aedium
1028 1935 1186 2015 regiarum,
1203 1954 1292 2016 nega-

218 2031 470 2101 retqueumquam
482 2022 643 2084 beatiorem
656 2039 834 2102 quemquam
845 2022 950 2082 luisse:
960 2013 970 2039 ‘
979 2019 1063 2082 Visne
1072 2024 1173 2100 iqitur,
1185 2021 1291 2100 inquit,
1312 2029 1338 2079 20

218 2107 397 2180 oDomocle,
419 2112 555 2188 quoniam
577 2119 603 2171 te
623 2108 689 2170 boec
709 2111 771 2169 cito
785 2107 915 2177 delectet,
937 2110 995 2186 epse
1017 2125 1080 2168 eum
1102 2107 1251 2185 decuere
1264 2117 1289 2167 ct

219 2194 371 2272 fortuitum
385 2197 514 2273 caperiri
531 2184 660 2254 meumi'
693 2192 766 2254 Cum
781 2211 813 2254 se
828 2192 876 2253 ille
895 2209 1006 2270 cupere
1027 2191 1163 2265 dixisset,
1185 2191 1290 2252 conlo·

216 2341 320 2406 gebabt
338 2341 410 2393 Nacb
423 2342 479 2394 dem
493 2341 667 2393 Selbstmorde
680 2342 725 2394 der
776 2346 800 2407 9,
822 2345 867 2395 24:
895 2345 1049 2393 constanter
1076 2343 1181 2406 quidem
1208 2346 1287 2404 certe,

216 2414 310 2474 ersten,
323 2410 367 2462 der
375 2408 470 2461 Mutter
478 2409 523 2461 dee
530 2411 656 2476 jungeren
667 2410 724 2462 llio-
775 2427 801 2462 u.
814 2409 979 2461 verschieden
998 2425 1050 2460 von
1067 2409 1085 2461 l.
1098 2412 1139 2474 29,
1152 2413 1199 2463 to:
1218 2415 1288 2461 certe

215 2477 321 2544 nysius,
344 2478 467 2529 beiratete
490 2493 516 2529 er
540 2478 582 2530 die
606 2478 660 2530 bier
680 2494 723 2545 ge·
776 2479 883 2545 quidem
900 2482 930 2528 in
948 2482 973 2527 te
991 2483 1037 2528 est.

215 2552 328 2600 naunten
354 2545 445 2599 beiden
469 2561 502 2598 an
526 2547 629 2598 einern
653 2545 724 2613 Tage
812 2549 853 2600 14.
877 2546 1078 2598 discrucientur:
1107 2545 1228 2611 ecblagen
1252 2547 1286 2608 (ur

215 2613 282 2678 (Val.
300 2613 367 2666 blaa.
384 2613 425 2666 IX.
446 2616 486 2678 13,
504 2619 555 2667 ext.
572 2617 606 2676 4).
775 2614 816 2666 ibr
841 2614 983 2680 Gegenteilt
1010 2629 1067 2674 um;
1094 2617 1286 2680 impotentium,

214 2686 333 2804 lyam
350 2699 435 2750 mam,
457 2682 498 2734 die
516 2681 661 2735 Sebwester
679 2682 725 2735 det
776 2684 870 2804 νίἷῧῖ,
890 2685 929 2802 ἷῖ.
969 2753 980 2800 t
1046 2754 1051 2765 ι
1100 2748 1116 2800 d
1162 2743 1205 2799 ὴ(
1279 2743 1286 2765 ,

237 2767 288 2803 ron.
847 2766 1077 2802 ,occcuussuz
1117 2766 1162 2802 urc
1213 2764 1271 2801 man

250 2822 273 2873 1.
286 2820 456 2870 Loca-emam:
467 2817 724 2872 ausbocriiuUnter·
777 2835 809 2870 zu
828 2819 992 2880 ubersetaeu;
1010 2819 1063 2884 egl.
1080 2817 1098 2870 1.
1116 2819 1158 2878 36,
1177 2819 1218 2871 88.

214 2887 311 2940 italien.
700 2903 715 2926 ··
813 2888 853 2938 16.
862 2887 995 2938 iudicauit
1004 2881 1059 2938 ‘bat
1073 2886 1127 2938 sein
1139 2885 1219 2938 Urteil
1232 2885 1286 2938 dar·
1384 2895 1385 2940 4

250 2957 273 3006 2.
295 2957 446 3006 cubiculari
463 2956 537 3007 boto.
573 2955 607 3006 Es
625 2955 660 3006 iet
677 2955 723 3006 das
776 2954 840 3006 faber
858 2971 889 3005 zu
908 2953 1035 3006 erkeunen
1060 2947 1193 3020 gegebeu’.
1229 2953 1285 3021 Vgl.

214 3022 337 3075 Gebiude
346 3022 401 3086 (der
413 3022 548 3087 Paridon),
563 3024 588 3074 io
599 3022 724 3074 welcbem
778 3023 809 3074 de
827 3021 871 3074 off.
888 3021 927 3075 lll.
946 3024 987 3087 22,
1006 3024 1052 3075 86:
1080 3022 1287 3088 Quamquamid

215 3091 270 3142 sein
284 3089 344 3142 Bett
355 3090 438 3154 stand,
452 3091 572 3156 gemeiut.
591 3091 724 3152 biel'bdr,
777 3091 885 3157 quidem
901 3094 949 3153 (sc.
966 3092 1037 3143 nibil
1050 3107 1105 3140 aare
1121 3091 1197 3153 utile,
1216 3091 1287 3156 quod

215 3158 315 3210 welche
329 3173 357 3209 er
367 3158 518 3220 verscblois,
536 3159 602 3212 mula
614 3159 668 3211 sich
680 3159 725 3211 ans
774 3161 913 3210 honestum
929 3174 985 3210 nou
998 3163 1073 3222 esset}
1090 3160 1286 3210 uFadrieioet
1384 3199 1385 3204 ,

215 3227 260 3279 der
278 3227 395 3277 iusseren
408 3224 478 3278 Seite
496 3225 541 3278 des
553 3225 668 3279 Grobens
679 3228 724 3280 be·
775 3243 792 3278 a
808 3231 905 3276 senatu
922 3231 1015 3279 nortio
1031 3227 1182 3278 iudicatum
1200 3231 1245 3278 est.

214 3294 311 3348 lunden
323 3295 415 3356 baben,
434 3294 484 3346 und
496 3309 524 3346 es
537 3295 571 3346 ist
583 3294 653 3347 diese
664 3295 724 3346 Ein-
811 3298 850 3348 11.
868 3294 1017 3347 Damocles.
1036 3293 1122 3360 Vergl.
1133 3294 1192 3349 Hor.
1204 3294 1283 3346 Carm.

214 3362 333 3428 riebtong
363 3362 434 3414 nicht
465 3362 659 3428 unglaublicber
685 3363 723 3414 als
775 3362 969 3429 lll.1,1lsq.:

215 3431 274 3494 dos,
292 3445 346 3482 was
368 3431 431 3482 r'rber
454 3429 524 3482 aeine
542 3429 655 3483 Tocbter
672 3430 724 3482 und
808 3431 960 3482 Destrictue
974 3433 1045 3482 enm
1057 3433 1101 3482 orci
1109 3444 1190 3496 mper
1201 3433 1283 3498 impio

213 3501 277 3551 dber
296 3499 366 3550 selue
385 3496 571 3561 Gewohuheit,
592 3496 724 3551 offentlich
811 3498 1285 3565 Ceroieependat‚nouSiculuedapee

214 3583 247 3619 nu
266 3566 351 3629 reden,
369 3565 467 3618 erziblt
486 3565 558 3618 wird.
777 3611 779 3616 .
808 3567 1284 3632 Dulcernelaborabuntsapocemcet.

248 3638 272 3687 4.
291 3637 475 3686 coniunxisset
491 3662 524 3671 -
537 3633 723 3698 coniungendo
806 3627 1284 3701 18.copias,opea‘Reicbtum,Macbt',

215 3701 723 3768 effoderetwgldldl,29:00ucluduut.
774 3701 853 3753 durch
874 3703 916 3754 die
933 3702 1069 3769 folgenden
1088 3702 1191 3755 Glieder
1208 3703 1285 3755 udber

250 3772 274 3825 t.
292 3772 409 3822 tunicam
428 3787 462 3822 ue
478 3775 598 3836 poneret,
616 3785 637 3824 s,
650 3770 668 3822 l.
682 3774 722 3834 11,
774 3770 903 3824 erl'a'utert.

216 3842 249 3894 24
267 3854 299 3889 au
313 3843 395 3903 posui
412 3788 517 3890 ddi-um.
807 3841 849 3890 21.
877 3839 1018 3904 degustare
1043 3834 1098 3890 ‘zur
1121 3837 1204 3891 Probe
1232 3853 1285 3891 ver-

250 3909 274 3960 9.
292 3907 361 3956 Huic
372 3906 478 3971 quidem
494 3911 573 3971 certe,
585 3906 636 3958 wie
654 3906 721 3958 oben
773 3899 888 3960 sucben’.
