2800 4476
384 226 478 279 arana
495 225 526 280 0.
545 229 587 293 as,
599 229 656 281 roa.
675 229 853 308 30100100.
1095 225 1155 288 155

82 396 287 461 inscriberesl
311 398 390 460 Haec
404 398 515 461 habere
529 419 561 462 se
576 407 728 461 mortuum
744 401 829 475 dicit,
848 419 923 480 quae
939 419 978 462 ne
992 401 1074 463 rivus
1090 401 1157 480 qui·

82 484 150 545 dnm
165 484 277 546 diutius
290 484 425 560 habebat,
441 504 527 564 quam
543 476 713 546 fruebatur?

169 568 229 630 Cur
251 570 341 650 igitur
360 571 475 632 divitiae
497 571 717 644 desiderentur,
740 578 790 631 aut
811 570 863 632 ubi
884 579 1042 650 paupertas
1056 569 1158 633 beatos
1173 579 1216 632 102

84 673 147 716 esse
163 673 224 715 non
241 652 335 716 sinit?
357 655 469 736 Signis,
483 657 581 731 credo,
598 663 627 715 et
641 654 748 718 tabulis
764 656 872 717 studes.
907 656 938 718 Si
954 656 1019 735 quis
1034 664 1087 730 est,
1104 656 1156 733 qui

49 750 61 803 t
82 740 128 802 his
143 740 315 814 delectetur,
334 759 437 802 nonne
453 742 557 802 melius
571 749 677 801 tenues
692 741 828 802 homines
843 742 985 802 lruuntur
1001 758 1089 820 quarn
1104 741 1155 812 ihi,

84 825 133 904 qui
155 825 191 887 iis
218 822 393 887 abundant?
419 834 464 888 est
478 826 557 887 enim
585 844 684 887 earum
710 843 812 887 rerum
837 827 970 888 omnium
996 827 1027 886 in
1056 821 1158 888 nestri

84 910 156 971 urbe
177 929 291 972 summa
312 911 343 972 in
367 911 488 991 publico
503 912 597 991 copia.
634 910 717 982 Quae
735 910 787 989 qui
801 911 935 990 privatim
949 910 1077 985 hahent,
1100 929 1156 972 nec

82 1004 140 1056 tam
156 995 247 1057 multa
259 1005 289 1058 et
302 1014 370 1058 raro
385 996 494 1072 rident,
509 1015 576 1058 cum
592 996 623 1057 in
639 1015 692 1058 sua
707 1013 775 1057 rura
790 1005 950 1071 venerunt3
966 1016 1042 1076 quos
1057 1005 1155 1058 tamen

82 1081 190 1166 pupigit
202 1080 319 1160 aliquid,
337 1100 403 1144 cum
416 1082 463 1143 illa
476 1082 556 1143 unde
571 1081 699 1142 habeant
713 1079 919 1143 recordantur.
949 1081 1018 1143 Dies
1030 1082 1155 1155 deficiat,

38 1173 61 1226 10
81 1166 104 1226 si
124 1165 211 1227 velim
232 1167 414 1246 paupertatis
435 1185 552 1229 causam
573 1167 748 1242 defendere3
771 1174 871 1246 aperta
886 1167 966 1228 enirn
982 1184 1030 1228 res
1048 1175 1102 1240 est,
1126 1175 1156 1227 et

82 1250 189 1312 cotidie
201 1271 257 1313 nos
267 1251 330 1331 ipsa
343 1261 447 1314 natura
463 1252 603 1314 admonet
617 1271 706 1332 quarn
722 1251 833 1331 paucis,
849 1270 938 1329 qnam
953 1251 1051 1331 parvis
1065 1250 1155 1314 rebus

82 1343 175 1414 egeat,
192 1351 279 1415 quam
295 1337 409 1400 vilibus.
557 1348 560 1355 '

168 1421 245 1482 Num
268 1422 358 1502 igitur
382 1422 551 1502 ignobilitas
572 1429 623 1483 aut
642 1421 791 1482 humilitas
813 1429 863 1481 aut
888 1422 975 1482 etiarn
1002 1420 1154 1501 popularis
1176 1401 1214 1458 3⁸

81 1506 207 1568 offensio
228 1509 391 1587 sapientem
406 1507 526 1569 beatum
548 1526 612 1569 esse
628 1504 820 1586 prohibebit?
841 1505 922 1580 Vide,
939 1524 978 1567 ne
992 1506 1061 1586 plus
1073 1524 1155 1566 com·
1169 1482 1212 1535 ¹⁰³

39 1600 60 1654 15
79 1592 228 1653 mendatio
240 1592 270 1652 in
281 1593 386 1672 uolgus
398 1602 428 1655 et
437 1594 519 1667 haec,
531 1610 606 1672 quae
617 1591 775 1672 expetitur,
783 1591 876 1672 gloria
884 1591 1035 1654 molestiae
1049 1591 1156 1652 haheat

81 1695 170 1756 0000]
183 1676 349 1757 voluptatis.
372 1678 527 1740 heucnlus
538 1696 609 1739 sane
623 1685 724 1739 noster
736 1677 959 1752 Demosthenes,
977 1677 1028 1757 qui
1039 1677 1089 1738 illo
1104 1696 1154 1738 su·

80 1781 166 1823 surro
182 1763 320 1824 delectari
336 1782 367 1825 se
383 1763 497 1825 dicebat
512 1781 615 1842 aquam
632 1762 756 1823 serentis
770 1762 977 1836 mulierculae,
998 1770 1031 1824 ut
1044 1780 1109 1823 mos
1124 1761 1155 1821 in

80 1847 203 1908 Graecia
211 1856 263 1919 est,
272 1848 636 1928 insusurrantisquealteri
644 1840 726 1910 2‘Hie
733 1857 772 1908 est
780 1847 828 1908 ille
834 1847 1032 1909 demosthenes
1041 1841 1053 1908 l
1057 1837 1066 1863 ’
1078 1845 1154 1918 Qarid

25 1965 26 1968 ¹
79 1933 136 1994 hoc
151 1931 267 1996 levius?
281 1933 319 1995 ht
334 1942 464 2013 quantus
479 1934 593 1994 oratori
612 1933 668 1994 Sed
684 1932 761 2012 apud
778 1933 850 1994 alios
864 1933 947 2012 loqui
961 1932 1096 1992 videlicet
1111 1930 1155 1990 di·

25 2025 62 2100 110
79 2019 205 2093 dicerat,
227 2037 289 2080 non
306 2019 430 2080 multum
447 2019 509 2099 ipse
530 2037 641 2080 secum.
678 2017 915 2096 Intellegendum
931 2025 976 2079 est
996 2017 1086 2098 igitur
1101 2034 1158 2077 nec
1173 2027 1216 2080 104

29 2163 31 2170 ,
80 2135 170 2188 Kratas
188 2135 254 2186 nach
266 2133 387 2188 Plutarch
405 2136 437 2187 de
454 2138 499 2187 sui
514 2135 593 2187 mode
645 2135 747 2198 offerus
755 2134 852 2201 populi
862 2126 1156 2190 voiuntas‘Unheliebt·

27 2237 33 2260 ;.
80 2203 141 2255 lllll.
160 2218 185 2270 p.
202 2206 251 2256 157
269 2203 353 2256 dieser
371 2203 529 2257 Grebschriit
548 2203 593 2256 des
644 2202 699 2255 heit
721 2201 790 2254 belm
807 2193 913 2267 Vollre',
938 2202 1082 2268 Gegensatz
1103 2221 1157 2259 rou

26 2301 33 2329 t
82 2271 237 2356 Sardanapal
256 2276 485 2354 entgegengesetat
503 2273 560 2325 hat:
642 2273 737 2337 gratia
755 2272 844 2336 (oure)
858 2270 1010 2356 popularis,
1028 2287 1158 2327 commen·

35 2367 36 2370 =
118 2339 191 2390 Ταῦτ
228 2341 296 2404 ἔχω,
322 2337 386 2392 occ’
411 2339 523 2409 ἔμαθον
548 2345 594 2391 καὶ
645 2339 721 2391 datio
739 2342 769 2389 in
786 2340 881 2404 colgus
906 2331 1087 2405 Popularit'dt'.

31 2435 39 2458 0
150 2405 309 2477 ἐφρόντισα,
326 2412 373 2458 καὶ
390 2407 458 2474 μετὰ
473 2409 594 2460 Μουσῶν
681 2410 722 2460 14.
741 2407 816 2472 Vide,
836 2424 872 2458 ne
887 2437 929 2471 -‚
947 2423 969 2459 s.
988 2423 1020 2459 au
1032 2407 1049 2460 1.
1063 2410 1105 2476 34,
1114 2414 1157 2467 83.

36 2503 42 2535 ¹,
115 2467 204 2541 Zips’
224 2470 316 2538 ἐδάην.
682 2478 722 2527 15.
735 2476 1093 2541 haee-gloriaweistaui
1103 2479 1157 2545 das,

30 2563 37 2605 l
115 2548 139 2596 1.
159 2543 326 2607 inscriberet,
344 2543 394 2594 wie
407 2543 535 2605 eredunt,
554 2543 593 2593 di·
646 2558 701 2595 was
719 2542 815 2608 tiglieh
839 2547 914 2594 onter
935 2542 985 2595 den
1003 2543 1093 2609 Augen
1112 2547 1158 2600 der

81 2627 154 2662 ceres
172 2623 197 2658 u.
216 2609 238 2660 a.
646 2609 739 2662 beiden
758 2610 940 2675 Sprechendeu
957 2613 1074 2677 vorgebt,
1091 2615 1144 2667 hin.

32 2719 34 2724 ,
115 2680 140 2730 3.
158 2678 207 2726 sebi
224 2699 258 2718 =
277 2691 330 2742 qua
348 2679 377 2726 in
394 2693 432 2740 re,
451 2678 502 2728 wie
514 2681 594 2728 unten
682 2679 722 2729 16.
748 2677 891 2742 Leoieulm
913 2672 1006 2730 ‘etwas
1029 2672 1103 2732 eitel'
1123 2683 1158 2735 ist

34 2743 44 2812 ζ
80 2745 202 2809 41,121.
647 2737 764 2814 e‘r'sr.iey.
799 2743 867 2796 Uber
884 2761 949 2796 sone
965 2760 986 2796 s.
1003 2745 1045 2799 tv.
1062 2750 1157 2812 atas.

52 2876 53 2880 Ἰ
115 2815 141 2865 4.
160 2812 259 2862 tabulis
270 2834 304 2854 =
316 2813 415 2862 tabulis
429 2814 521 2878 pictis.
681 2813 876 2863 Demosthenes.
905 2812 978 2864 Anah
996 2811 1052 2867 Aet.
1069 2815 1156 2870 11010

46 2916 48 2947 5
117 2885 142 2933 ’1.
160 2879 327 2945 inperitiae,
349 2895 371 2935 e.
388 2895 420 2932 au
438 2881 480 2945 21,
499 2881 545 2932 69:
565 2883 596 2931 in
648 2880 746 2931 erzihlt
763 2879 852 2932 diesen
864 2880 919 2946 an
935 2896 987 2932 von
998 2880 1028 2934 D.
1046 2884 1099 2936 und
1110 2884 1159 2936 fin·

37 2947 38 2956 ’
85 2949 209 3001 rotundo.
648 2947 692 3000 det
709 2965 756 2999 κου
778 2942 841 3012 ἑτησ
859 2948 939 3000 darin.
973 2948 1073 3004 :luders
1090 2951 1158 3009 Plin.

37 3049 57 3090 ,p
119 3020 142 3070 8.
160 3020 301 3082 oeumnt,
319 3030 340 3067 s.
358 3031 389 3068 au
402 3015 420 3068 l.
435 3017 533 3084 11‚24:
547 3031 597 3082 po·
648 3015 722 3081 epist.
746 2967 788 3067 th.
811 3019 856 3070 23:
883 3018 1073 3071 Demosthenes
1098 3024 1159 3072 iure

87 3089 134 3137 saei.
648 3085 1158 3150 laetatusest,qnodillsemanusAitioa

53 3213 54 3218 η
119 3155 143 3205 9.
158 3155 261 3218 pungit
277 3152 389 3217 aliquid.
422 3151 468 3203 Die
486 3152 595 3203 meisten
646 3154 687 3202 ita
709 3156 864 3205 noscitaoit:
890 3137 972 3206 Οὗτός
995 3154 1159 3224 1οτιΔημο

40 3220 63 3299 lid
89 3221 270 3273 Konstscbirtae
283 3218 596 3272 dervornehmeannrer
646 3219 808 3285 000100.-
832 3222 882 3274 Cic.
900 3227 980 3274 uennt
1001 3224 1046 3275 ibn
1068 3231 1159 3278 nostes·

41 3300 65 3366 pi
90 3303 170 3339 waren
178 3287 357 3355 ursprdnglich
366 3304 412 3340 aus
420 3287 596 3355 griechischen
647 3287 685 3339 als
704 3289 792 3341 seinen
810 3288 1037 3356 Berufsgenossen.

42 3393 65 3438 p·
91 3355 193 3407 Stidten
218 3355 271 3407 und
294 3355 419 3423 Tempeln
443 3354 595 3422 geweltsam
683 3359 723 3409 ll.
740 3358 925 3422 mulierculae,
944 3360 1158 3427 geringschdtzig,

46 3434 65 3502 p
92 3422 594 3490 oderheirnlichentldhrt.Vgl.inVerr.
647 3425 698 3476 wie
716 3425 756 3484 32,
776 3428 823 3478 91:
843 3426 946 3477 cenula.
979 3439 981 3444 ·

44 3523 65 3576 up
92 3490 182 3544 lihlll.
682 3495 722 3546 19.
735 3486 1026 3547 videlieet‘t'reilich’in
1044 3500 1158 3561 spolien-

45 3591 67 3642 ff
123 3560 304 3622 Diesdefieiat
320 3565 369 3613 cet.
394 3560 428 3612 So
443 3559 474 3612 de
487 3558 556 3612 deor.
569 3574 594 3612 n.
646 3559 704 3612 dem
722 3558 802 3614 Tene.

94 3625 128 3679 lll.
143 3630 183 3688 31,
197 3631 242 3681 at:
260 3629 324 3680 Dies
342 3629 458 3694 deficiat,
476 3631 500 3679 si
516 3629 595 3679 celim
682 3631 789 3681 10000
800 3631 915 3680 multum
925 3633 983 3698 ipse
995 3646 1093 3683 semem.
1110 3631 1158 3684 Ein

66 3750 69 3759 ,
95 3710 227 3748 nummaria
248 3701 343 3762 quibus
362 3700 437 3749 bonis
453 3696 523 3748 mole
541 3713 597 3746 ene·
646 3697 821 3750 unbedachtes
834 3697 907 3750 Wort
920 3713 972 3750 von
985 3698 1081 3751 Cicero.
1101 3699 1158 3752 Wie

48 3791 70 3850 pi
96 3766 166 3882 pariet,
180 3768 275 3831 quibos
289 3769 418 3834 improbis
427 3768 530 3832 optime,
542 3763 597 3817 und
647 3765 716 3887 hplep
733 3781 760 3818 er
778 3767 962 3887 dhrigepstdep
973 3765 1159 3887 ggm'fflessoe'

63 3855 74 3888 τ..
145 3848 164 3884 r.
648 3849 686 3886 sre
728 3849 844 3888 manans
878 3850 925 3890 ra,
1013 3855 1019 3886 :
1060 3853 1074 3886 e
1110 3855 1158 3889 eo

51 3888 596 3984 ἱ,ᾖ10000010νί001Ῑο0010--ε1060
648 3904 823 3955 -reeordor
841 3873 1057 3968 longanimitas
1075 3853 1160 3957 0010ιὲ00
