2790 4476
189 229 251 288 124
566 227 662 280 ursan
678 225 707 282 u.
728 231 768 294 ιι,
786 229 827 280 aa.
846 229 888 284 aa.

189 403 244 464 Vir
259 402 348 482 igitur
368 420 456 482 posse
477 400 611 462 videmur
631 401 670 463 ita
694 400 842 461 adlectum
866 419 927 460 non
950 400 1090 462 miserum
1106 398 1206 460 dicere
1229 409 1268 474 et,

188 490 212 551 si
228 489 309 549 hunc
325 487 474 561 miserum,
491 495 572 547 certe
587 486 720 547 dolorem
736 485 854 547 malum.

136 580 169 632 11
272 574 306 636 Α.
323 573 369 633 16
391 572 511 652 quidem
532 572 628 633 adbuc
651 590 747 632 meam
766 589 883 632 causam
906 571 977 649 agis,
1000 570 1052 632 sed
1067 571 1125 631 hoc
1140 589 1210 632 mox
1223 571 1269 632 vi·

136 669 165 718 16
189 659 271 720 dero.
302 659 428 733 Interea,
444 656 524 718 unde
539 657 587 719 isti
601 654 727 719 versus?
742 676 804 718 non
821 657 901 717 enim
915 656 1075 734 adgnosco.
1106 655 1147 716 M.
1165 657 1269 717 Dicam

188 744 304 820 hercle;
327 742 437 805 etenim
459 751 539 803 recte
562 743 699 822 requiris.
738 742 866 804 Videsne
882 741 1032 802 abundare
1048 760 1095 802 me
1119 740 1203 803 otio?
1235 740 1270 803 A.
1295 754 1313 802 5

188 828 267 900 Quid
281 827 365 890 tum‘l
388 827 430 892 M.
447 827 539 890 Fuisti
560 847 658 908 saepe,
678 828 778 902 credo,
800 846 867 888 cum
883 827 1007 888 Athenis
1022 845 1112 902 esses,
1133 829 1165 889 in
1181 826 1270 888 scho-

188 915 223 976 lis
246 913 502 994 philosophorum.
542 911 576 973 A.
592 913 667 975 Vero
691 932 725 975 ac
747 913 876 974 libenter
897 911 1026 992 quidem.
1061 911 1103 972 M.
1126 913 1270 974 Animad-

187 999 323 1061 vertebas
340 999 440 1078 igitur,
463 998 518 1060 etsi
540 1006 604 1059 turn
626 1017 714 1059 nemo
737 1007 800 1059 erat
813 997 970 1059 admodum
992 997 1142 1077 copiosus,
1164 1016 1270 1060 rernm

187 1093 287 1146 tamen
308 1102 410 1146 versus
432 1083 468 1144 ab
490 1084 526 1145 iis
547 1084 703 1146 admisceri
725 1083 862 1145 orationi.
894 1083 926 1144 Α.
951 1084 993 1144 Ac
1015 1082 1124 1145 multos
1148 1085 1270 1163 quidem

188 1170 362 1250 allionysio
379 1169 489 1230 Stoico.
520 1168 562 1233 M.
580 1169 676 1230 Probe
699 1169 781 1231 dicis.
820 1169 877 1231 Sed
900 1169 925 1230 is
948 1169 1031 1249 quasi
1054 1169 1163 1230 dictata
1185 1169 1271 1230 nullo
1296 1183 1327 1231 10

188 1255 306 1328 dilectu,
324 1255 405 1316 nulla
420 1254 576 1335 elegantia,
600 1254 682 1316 Philo
706 1263 735 1316 et
757 1255 881 1335 proprio
904 1273 1029 1316 numero
1052 1261 1083 1314 et
1101 1254 1178 1315 lecta
1194 1265 1270 1335 poe-

189 1349 265 1401 mata
288 1348 318 1401 et
335 1341 403 1401 loco
425 1339 612 1420 adiungebat.
639 1339 741 1419 ltaque
762 1349 920 1420 postquam
944 1339 1074 1401 adamari
1088 1341 1167 1401 hanc
1183 1341 1270 1419 quasi

83 1467 85 1471 ,
188 1427 313 1488 senilem
336 1424 589 1499 declamationem,
610 1426 741 1487 studiose
764 1425 901 1504 equidem
923 1434 992 1486 utor
1024 1425 1135 1486 nostris
1156 1426 1269 1505 poetis3

188 1511 250 1586 sed,
272 1511 359 1573 sicuti
382 1509 424 1570 illi
440 1510 624 1584 deiecerunt,
646 1511 720 1573 verti
736 1510 825 1572 etiam
840 1510 931 1571 multa
947 1511 983 1571 de
998 1509 1128 1585 Graecis,
1152 1530 1191 1572 ue
1207 1529 1269 1590 quo

189 1605 366 1658 ornamento
389 1595 420 1655 in
443 1597 501 1657 hoc
523 1615 633 1676 genere
661 1595 870 1675 disputationis
899 1603 1015 1657 careret
1035 1595 1139 1657 Latina
1162 1597 1272 1658 oratio.
1295 1608 1325 1656 15

136 1693 165 1742 27
188 1682 247 1744 Sed
267 1681 388 1742 videsne
411 1691 515 1761 poetae
538 1681 608 1760 quid
625 1682 693 1743 mali
709 1677 866 1742 adferant?
895 1681 1098 1742 Lamentantis
1121 1681 1272 1744 inducunt

190 1767 365 1828 fortissimos
379 1767 467 1841 virne,
490 1767 629 1829 molliunt
643 1768 760 1828 animos
783 1775 911 1842 nostros,
934 1767 973 1827 ita
992 1773 1064 1828 sunt
1078 1767 1185 1828 deinde
1201 1766 1270 1828 dul·

189 1871 249 1927 ces,
265 1861 375 1913 utnon
391 1853 530 1932 legantur
543 1851 641 1928 modo,
664 1853 715 1914 sed
732 1853 820 1914 etiam
835 1851 1014 1914 ediscantur.
1045 1852 1094 1912 Sic
1110 1851 1144 1913 ad
1161 1852 1271 1913 malam

189 1938 379 1999 domesticam
402 1937 585 2017 disciplinam
608 1938 755 2017 vitamque
777 1937 964 1998 umbratilem
982 1945 1011 1999 et
1025 1937 1178 1998 delicatam
1201 1955 1272 1999 cum
1349 1971 1352 1976 ·

224 2074 248 2125 2.
269 2073 294 2122 si
315 2073 387 2122 dame
412 2075 552 2136 micenam,
584 2086 619 2125 se.
638 2071 703 2122 dici-
752 2070 782 2135 ja
800 2071 838 2122 olt
855 2086 887 2121 au
905 2069 1053 2123 riberladen.
1088 2070 1161 2122 Aucb
1179 2071 1270 2122 Cicero

189 2155 263 2202 mum·
290 2144 361 2190 certe
383 2139 503 2190 dolorem
524 2140 639 2202 malam,
667 2155 702 2191 sc.
754 2140 789 2191 ist
802 2153 852 2189 von
866 2137 961 2191 diesem
972 2138 1271 2205 Vorwurienicbtgana

190 2207 278 2258 dicere
296 2210 428 2272 cogimur.
457 2206 491 2257 lls
510 2205 702 2258 1666161666-
754 2206 968 2272 ireizusprechen.

191 2289 248 2340 weg
260 2275 374 2327 heliseo:
393 2277 426 2340 et,
438 2276 464 2324 ci
475 2275 520 2325 bio
530 2277 620 2337 miser,
632 2280 703 2325 certe
792 2278 830 2327 10.
845 2273 996 2341 Dionysiae
1012 2275 1120 2326 Stoicae
1136 2275 1172 2326 ist
1194 2274 1269 2326 nicht

190 2341 268 2394 dolor
289 2343 402 2402 malam;
429 2342 491 2392 aber
518 2341 563 2393 der
585 2342 702 2394 lateincr
753 2342 832 2393 niber
858 2341 981 2396 belrannt.
1024 2341 1074 2395 Der
1101 2345 1147 2407 26,
1170 2346 1204 2397 66
1231 2357 1273 2394 er-

189 2409 254 2462 liebt
271 2408 468 2462 denAnscbluls
487 2424 519 2460 cn
538 2408 579 2462 die
596 2410 701 2462 rorlrer·
754 2410 857 2461 wdhnte
875 2409 1014 2478 Dionysius
1036 2411 1071 2463 ist
1093 2412 1135 2462 ein
1153 2411 1271 2476 anderer,

190 2476 307 2544 gelrende
324 2476 519 2529 llonstrulrtion.
755 2476 856 2529 alteror.

224 2547 249 2598 3.
274 2562 340 2597 moa
357 2545 463 2610 videro,
490 2545 548 2597 eiue
566 2543 641 2597 Form
659 2545 704 2598 der
790 2547 869 2611 qaam·
889 2545 1007 2611 dictata,
1029 2546 1080 2598 wie
1103 2546 1271 2612 abgeleierte,

188 2613 346 2678 Revocatio,
375 2614 423 2665 mit
449 2613 562 2665 welcher
591 2611 636 2666 der
665 2629 704 2665 er·
755 2612 813 2666 d.lr.
822 2613 889 2665 ohne
902 2613 951 2664 den
961 2613 1159 2666 erforderlicben
1168 2613 1269 2682 Rhyth-

147 2689 150 2694 ’
190 2681 629 2750 61161666366616616611616666
650 2681 703 2734 und
755 2697 813 2733 mus
834 2683 958 2748 (proprio
980 2685 1102 2744 numero)
1125 2683 1177 2734 und
1201 2683 1270 2734 ohne

189 2753 277 2872 lqiqprlt
295 2753 414 2872 spiterpln
442 2750 611 2831 Gelegenbeit
645 2767 703 2802 vor·
755 2748 914 2870 (ἐεῗοὴὲιειοέ
943 2750 1271 2871 vorgetqagppe7piktlartte.

207 2835 379 2872 eaenwrr
433 2834 703 2872 umauerneman-
779 2834 814 2884 g.
857 2834 871 2870 e
913 2833 1054 2872 eonn..
1113 2858 1120 2884 ‚
1177 2839 1184 2871 ι
1225 2834 1272 2869 ea

189 2888 267 2941 deren
290 2858 478 2954 uberzng’ehen.
518 2886 553 2939 So
570 2886 602 2943 V.
622 2891 651 2954 1,
671 2890 703 2940 26
755 2889 825 2938 emim
849 2904 866 2938 a
890 2889 962 2938 uobis
984 2890 1064 2952 quasi
1085 2887 1187 2938 dictata
1209 2887 1270 2938 red-

189 2972 214 3007 u.
228 2971 252 3009 ο.
272 2955 330 3022 Vgl.
342 2956 407 3008 auch
420 2972 453 3007 au
464 2955 482 3008 l.
500 2957 538 3020 13,
551 2959 597 3009 30:
615 2959 704 3007 caetu·
754 2956 864 3009 dantur.

189 3024 262 3077 terte.
442 3053 443 3057 =
791 3026 831 3076 11.
842 3022 950 3087 dilecta,
968 3020 1024 3075 sl.
1044 3025 1086 3090 26,
1103 3026 1149 3075 45:
1168 3024 1271 3074 dilecti.

223 3093 249 3142 4.
267 3091 415 3154 adgnosco,
432 3090 486 3158 vgl.
503 3090 524 3158 1ε
541 3093 565 3156 8,
586 3095 629 3145 15:
647 3095 703 3143 iam
787 3091 874 3154 Paeto,
892 3105 913 3142 s.
926 3092 994 3143 oben
1012 3093 1037 3157 3,
1050 3093 1074 3144 9.
1101 3089 1182 3143 Beide
1201 3091 1270 3144 Stel·

190 3158 325 3223 adgnosco
340 3157 478 3210 Graecum.
508 3159 576 3211 Uber
593 3160 701 3211 uidesne
754 3159 796 3210 len
820 3159 876 3210 sind
900 3159 941 3210 cin
964 3158 1133 3225 gewichtigea
1156 3159 1270 3225 Zengnis

191 3242 211 3278 a.
230 3241 252 3277 a.
271 3226 313 3288 26,
331 3226 374 3277 62.
753 3226 836 3289 daidr,
854 3226 910 3278 dass
923 3227 980 3279 eine
993 3227 1088 3280 Schrilt
1101 3227 1190 3280 Philus
1203 3227 1271 3280 anch

225 3295 249 3346 6.
268 3293 340 3358 Quid
356 3296 430 3344 tum?
447 3308 502 3345 was
520 3295 629 3347 weiter?
648 3311 703 3348 was
755 3295 795 3345 idr
816 3294 863 3346 das
888 3297 911 3348 2.
932 3293 960 3347 Β.
985 3294 1030 3347 der
1047 3294 1212 3348 Tusculanen
1231 3295 1272 3347 als

191 3362 271 3415 willst
286 3361 319 3414 (16
329 3361 410 3414 demit
421 3364 526 3427 segeni,
545 3362 703 3429 ungeduldig
755 3361 846 3424 066116
864 3363 1041 3416 anaunebmen
1058 3365 1102 3416 ist.

190 3432 318 3483 vorwrirts
336 3430 475 3496 dringend.
790 3431 830 3483 12.
860 3431 918 3482 loco
934 3457 968 3477 =
985 3447 1035 3482 aaa
1056 3433 1127 3494 lnco;
1154 3432 1221 3485 aucb
1239 3433 1272 3482 in

225 3503 249 3554 1.
275 3499 360 3564 Vera,
387 3500 417 3564 ja
445 3497 529 3564 uobl,
555 3498 702 3565 allerdinga.
755 3501 812 3551 loco
832 3498 931 3550 kommt
948 3515 977 3551 so
996 3515 1051 3552 vor.

189 3565 248 3634 vgr.
266 3585 289 3620 a.
307 3567 324 3621 l.
345 3570 385 3632 11,
404 3569 444 3620 25.
788 3569 909 3618 banc-
928 3567 1159 3630 declamationem,
1183 3568 1272 3636 pbilo-

225 3638 250 3688 9.
270 3637 416 3688 admisceri
434 3636 561 3689 orationi.
598 3633 1271 3704 111616-66111166161366.6166611611666666ς

191 3704 302 3770 maligen
319 3703 507 3770 Philosopben,
531 3702 637 3754 besond.
662 3703 703 3754 die
755 3704 807 3770 vgl.
826 3703 844 3756 l.
863 3706 889 3768 4,
907 3708 933 3760 1.

192 3771 303 3836 Stoiker,
321 3772 444 3838 pilegten,
462 3787 505 3822 um
517 3771 573 3822 ihre
580 3769 703 3836 Vortrdge
791 3775 830 3825 11.
851 3772 941 3823 dulces
959 3771 1202 3824 einschmeicbelnd.

191 3840 360 3893 anaiebender
378 3857 408 3892 zu
427 3839 548 3902 maclren,
571 3839 702 3891 dieselben
791 3843 831 3892 19.
855 3843 938 3892 attam
955 3840 1136 3891 umbratilem:
1151 3832 1208 3891 ‘ein
1226 3855 1270 3891 au·

192 3909 240 3962 mit
258 3907 452 3988 bicbterptellen
470 3924 503 3960 zu
521 3906 704 3973 durcbweben,
755 3906 977 3975 rdcligezogenes‚
1009 3906 1199 3976 gemacbliches
1226 3907 1271 3960 Le
