2804 4474
175 201 216 260 34
324 205 331 225 ·
523 201 618 256 tisun
635 203 894 268 1111111111.

175 393 252 436 rum.
283 374 335 446 lta,
355 373 455 447 credo,
471 375 506 435 de
522 374 639 436 bonore
654 384 705 434 aut
719 374 755 434 de
771 374 913 453 dignitate
929 374 1149 435 contendimus.
1181 373 1259 434 Mihi

175 477 323 522 summum
344 460 374 520 in
397 459 495 520 animo
512 459 625 520 bonum
640 460 771 533 videtur,
794 460 835 520 illi
850 468 949 521 autem
964 460 994 520 in
1012 478 1157 539 corpore,
1180 458 1259 520 mibi

175 546 206 606 in
222 545 339 617 virtute,
353 544 395 604 illi
410 544 440 604 in
457 545 615 624 voluptate.
644 544 681 604 Et
696 543 737 605 illi
753 555 889 624 pugnant
904 545 1068 622 etquidem
1085 545 1259 605 vicinorum

175 631 262 691 fldem
278 629 459 709 implorant3
481 630 566 690 multi
589 637 687 691 autem
712 638 783 690 sunt
799 630 849 709 qui
865 630 962 692 statim
979 631 1148 691 convolent.
1186 629 1258 708 Ego

174 733 239 777 sum
256 714 295 788 is,
312 715 363 794 qui
378 714 473 775 dicam
485 733 532 774 me
549 733 610 774 non
626 714 770 788 laborare,
785 724 883 777 actum
901 714 1068 776 habiturum
1085 716 1165 794 quod
1182 733 1256 793 ege-
1282 724 1305 774 5

121 812 151 862 51
174 800 244 861 rint.
268 799 345 870 Quid
358 797 462 860 enim?
478 798 603 860 debello
616 800 730 860 Punico
745 798 865 879 agitur?
880 800 916 860 de
932 818 992 878 quo
1007 799 1072 878 ipso
1087 818 1155 860 cnm
1172 800 1254 861 aliud

174 885 214 945 M.
231 884 344 957 Catoni,
361 884 438 945 aliud
455 883 488 945 L.
503 883 630 946 Lentulo
641 884 800 956 videretur,
817 885 896 946 nulla
910 886 989 946 inter
1000 903 1051 946 eos
1066 885 1253 946 concertatio

174 987 316 1048 umquam
336 969 400 1030 luit.
439 969 476 1030 lli
492 969 581 1030 nimis
595 970 737 1030 iracunde
759 979 868 1047 agunt,
890 970 1064 1049 praesertim
1079 989 1146 1032 cum
1164 971 1255 1032 abiis

175 1073 236 1116 non
253 1072 325 1116 sane
340 1055 472 1116 animosa
489 1055 665 1116 defendatur
678 1056 841 1129 sententia,
863 1074 919 1134 pro
935 1073 993 1134 qua
1009 1074 1070 1116 non
1086 1056 1116 1116 in
1133 1063 1251 1128 senatu,

175 1159 237 1201 non
254 1137 284 1200 in
301 1139 458 1213 contione,
478 1159 539 1200 non
556 1140 635 1220 apud
650 1140 812 1200 exercitum
829 1157 928 1218 neque
943 1140 977 1200 ad
995 1157 1135 1202 censores
1151 1142 1253 1202 dicere
1277 1149 1320 1200 10

175 1225 311 1287 audeant.
343 1225 401 1285 Sed
424 1242 491 1285 cum
514 1225 577 1286 istis
600 1225 685 1299 alias,
705 1233 739 1306 et
762 1244 796 1285 eo
813 1225 1062 1303 quidemanimo,
1085 1227 1201 1287 nullum
1216 1235 1253 1288 ut

175 1320 324 1371 certamen
348 1310 516 1382 instituam,
542 1327 643 1370 verum
666 1310 834 1370 dicentibus
856 1310 941 1370 facile
963 1311 1075 1372 cedam.
1119 1312 1251 1373 Tantum

174 1394 352 1467 admonebo,
367 1395 391 1456 si
403 1395 528 1456 maxime
539 1393 643 1455 'verum
658 1395 697 1456 sit
710 1395 747 1455 ad
762 1412 872 1474 corpus
888 1396 986 1456 omnia
1003 1397 1115 1457 reterre
1130 1397 1252 1476 sapien-

174 1491 234 1541 tem
246 1480 317 1552 sive,
332 1488 366 1540 ut
377 1480 534 1542 honestius
545 1480 650 1552 dicam,
666 1480 740 1541 nibil
751 1481 848 1540 lacere
860 1479 917 1541 nisi
931 1481 1012 1559 quod
1028 1481 1172 1561 expediat,
1189 1482 1252 1544 sire

176 1566 275 1626 onmia
287 1566 399 1626 reterre
415 1565 450 1625 ad
467 1565 622 1626 utilitatem
637 1583 735 1638 suam,
760 1565 900 1642 quoniam
916 1567 989 1626 haec
1004 1567 1170 1646 plausibilia
1187 1587 1251 1628 non
1275 1574 1309 1626 15

121 1714 159 1770 n
176 1659 605 1816 ⁵¹¹”ttttlttlttttt
619 1651 1161 1816 tltltdtttlutuno...

122 1798 151 1848 ⁵²
172 1831 240 1882 sent
255 1821 409 1893 exsistere,
432 1821 456 1882 si
473 1821 651 1901 necopinato
674 1821 744 1900 quid
768 1820 908 1881 evenerit.
939 1820 992 1882 Est
1007 1821 1033 1881 id
1050 1821 1171 1899 quidem
1187 1839 1251 1882 ma-

172 1924 274 1984 gnum,
291 1915 429 1985 utsupra
445 1906 513 1980 dixi,
530 1907 616 1967 etiam
628 1906 790 1986 Chrysippo
806 1907 845 1966 ita
860 1905 952 1966 videri
967 1906 1038 1978 scio,
1053 1907 1132 1985 quod
1149 1907 1252 1987 prori-

171 2009 236 2053 sum
257 2001 326 2052 ante
342 1989 473 2064 nonsit,
495 1990 524 2051 id
547 1992 634 2052 lenire
655 1991 877 2063 vehementius3
898 1991 950 2051 sed
973 2010 1033 2051 non
1050 2001 1122 2052 sunt
1145 1993 1175 2052 in
1194 1993 1255 2053 boc
1276 1999 1308 2050 ²)

169 2107 301 2158 iracunde
323 2105 400 2174 551.
432 2103 489 2171 Vgl.
503 2104 607 2158 Tacitus
624 2122 682 2162 ann.
734 2106 835 2156 malum
848 2106 941 2157 dolore
954 2106 1073 2168 definiat.
1101 2107 1129 2160 ln
1141 2108 1252 2160 solchen

170 2175 187 2228 l.
204 2179 233 2227 1:
250 2177 309 2225 eine
325 2179 369 2224 irc
389 2178 415 2224 et
430 2173 529 2224 studio.
735 2174 822 2225 Fallen
840 2173 909 2226 ltann
921 2179 1081 2240 praesertim
1100 2189 1161 2226 mmo
1178 2180 1252 2242 (cum

208 2243 299 2306 t.1ta,
318 2241 405 2304 crede,
424 2240 480 2292 scil.
493 2242 618 2305 studiose,
637 2243 684 2293 mit
732 2246 831 2308 preca.)
852 2243 931 2294 durch
951 2235 1096 2309 ‘cbgleich’
1116 2244 1252 2296 ubersetzt

170 2309 311 2361 ironischer
320 2308 567 2376 Geringscbdtzung:
582 2309 616 2361 So
627 2325 683 2362 ver·
736 2310 847 2364 werden.

172 2377 239 2429 liabrt
257 2392 315 2428 man
332 2377 398 2428 doch
412 2377 481 2428 wohl
494 2394 548 2440 nur,
567 2392 641 2430 wenn
655 2393 683 2430 es
770 2380 794 2430 9.
816 2393 872 2428 non
893 2395 972 2444 eane,
995 2381 1044 2431 wie
1064 2383 1104 2445 10,
1123 2383 1171 2442 22;
1191 2383 1253 2431 ani·

171 2445 226 2498 sich
245 2461 287 2496 um
305 2444 481 2497 llbrenstellen
501 2445 551 2496 und
570 2445 683 2497 Wdrden
734 2460 808 2497 mora
821 2439 890 2498 ‘blut
907 2443 1076 2499 erfordernd’.

170 2516 204 2566 im
218 2512 305 2565 Staale
318 2513 431 2576 handelt,
443 2513 514 2565 nicht
526 2515 588 2566 aber
599 2515 682 2564 einem
770 2516 811 2565 12.
828 2529 921 2564 verum
933 2530 980 2567 vor
989 2516 1137 2567 diemtitue
1149 2516 1185 2566 ist
1197 2513 1250 2564 Ad-

171 2581 682 2650 llpilmrgegendberundincinerphilos.
730 2579 825 2644 jektiv.
861 2582 912 2635 Cic.
926 2583 1015 2635 deutet
1033 2583 1111 2634 demit
1128 2597 1172 2646 an,
1190 2582 1249 2632 dats

170 2649 331 2702 llislmssion.
734 2663 762 2699 cr
773 2648 862 2701 keiner
877 2650 1009 2703 einzelnen
1022 2651 1114 2703 Schule
1132 2649 1251 2714 angehe-

204 2720 229 2772 3.
252 2719 289 2770 Et
312 2717 355 2770 itta·
367 2723 507 2784 pugnant,
531 2717 581 2768 wie
600 2718 682 2770 oben:
733 2731 778 2768 ren
793 2716 890 2770 wollte.
1147 2733 1149 2740 ·

170 2787 207 2838 ut
232 2791 396 2852 queruntur:
425 2784 500 2838 Sinn:
527 2784 571 2837 Sie
588 2785 682 2850 gerede
771 2783 886 2836 Tantum
902 2787 950 2837 wie
967 2784 1091 2850 1.13,19.

170 2855 285 2918 streitem
298 2855 339 2906 die
352 2853 406 2906 sich
421 2854 484 2906 dher
496 2853 579 2905 meine
592 2854 681 2906 Streit·
770 2855 810 2906 13.
821 2856 846 2903 ei
857 2859 975 2906 manime
983 2881 1016 2900 α
1024 2857 1049 2904 si
1059 2853 1121 2903 nod
1153 2872 1160 2902 :
1178 2865 1258 2900 wenn

171 2923 246 2975 sucht
264 2921 398 2988 beldagen.
703 2975 706 2982 ,
736 2920 861 2973 wirldich.

199 2993 358 3053 uicinorum,
377 2989 421 3040 der
433 2989 533 3040 ihnlich
548 2989 682 3055 gesinnten
769 2993 807 3042 16.
825 2990 1025 3054 ploueibtlia=
1035 2990 1079 3055 ple
1189 2984 1261 3036 mul-

171 3055 357 3122 Philosopben;
374 3055 467 3117 fidem:
486 3055 589 3119 Schola,
608 3056 682 3122 llille,
735 3059 859 3108 titudinis
877 3059 1010 3110 habentia.

205 3128 228 3178 5.
248 3129 336 3175 actum
354 3126 507 3175 dediturum
520 3116 618 3177 ‘indem
641 3125 681 3176 ich
775 3127 815 3178 16.
833 3128 863 3176 in
880 3128 943 3176 sinu
963 3126 1063 3191 gande·
1088 3134 1124 3182 ant
1135 3120 1196 3176 ‘sich
1222 3121 1260 3170 im

169 3191 216 3244 das
226 3192 263 3243 als
273 3191 542 3256 abgemachtansehen
553 3193 605 3244 und
615 3194 682 3246 mich
733 3192 818 3245 stillen
830 3185 938 3246 lreuen'.
962 3183 1055 3246 11111116Ι
1070 3159 1168 3260 {onon
1178 3189 1205 3241 ll
1215 3190 1260 3250 25,

169 3259 278 3312 dardber
296 3259 488 3325 hinuegsetzen
505 3255 612 3313 werde’.
733 3263 778 3313 30:
796 3263 828 3312 In
840 3264 923 3313 tacito
936 3233 1073 3313 1111ιὶ016161
1079 3264 1157 3337 gaudia
1168 3258 1262 3310 clausa

1057 3311 1108 3396 list
1128 3331 1166 3382 der
1185 3328 1264 3376 atram

204 3330 228 3381 6.
247 3327 319 3392 Quid
335 3332 412 3392 enim,
431 3344 451 3381 s.
468 3345 491 3383 z.
509 3328 551 3381 lV.
569 3332 594 3392 4,
607 3331 630 3382 8.
732 3332 802 3380 sinu.
838 3328 1022 3397 Ursprdnglicl·
1042 3315 1052 3362 ¹

204 3401 227 3450 l.
245 3396 277 3448 1..
291 3397 430 3448 Cornelius
441 3397 570 3448 Lentulus
580 3396 682 3462 Lupus,
734 3402 812 3461 togae
842 3398 966 3463 gemeint,
992 3400 1000 3428 ³
1053 3399 1189 3466 fflwdchem
1218 3392 1266 3443 der

172 3467 220 3519 156
237 3464 345 3527 Konsul,
366 3480 419 3516 war
437 3465 494 3516 also
508 3479 614 3531 gegen
632 3463 681 3516 den
734 3464 826 3516 Romen
843 3463 922 3516 blond
942 3447 1047 3528 undldf’·
1067 3471 1118 3532 pwt
1130 3465 1267 3526 verbergen

169 3535 194 3586 3.
213 3533 354 3600 punischen
373 3532 457 3599 Krieg.
733 3531 839 3584 konnte.
1002 3565 1004 3572 ι
1027 3527 1057 3562 ⁶⁷⁸

198 3604 222 3655 6.
234 3603 372 3666 iracunde,
384 3601 436 3664 vul.
447 3600 591 3662 tv.23‚5t;
603 3615 682 3662 prec-
770 3603 808 3652 l‘l.
823 3601 1004 3667 Cyrenaicum
1036 3593 1084 3667 Pp
1099 3625 1114 3660 s.
1123 3604 1146 3655 ll.
1158 3603 1180 3662 6,
1193 3599 1225 3649 lb
1238 3611 1271 3645 zu

168 3672 261 3720 entim
285 3684 344 3720 cum
363 3699 395 3707 -
410 3663 476 3719 ‘was
498 3682 541 3717 nm
562 3668 681 3719 somehr
731 3669 893 3734 Aristippus,
912 3669 963 3720 und
981 3670 1000 3720 ll
1018 3636 1164 3740 11161308.

170 3737 379 3804 hervorgehoben
399 3735 502 3788 werden
519 3735 595 3794 mols,
613 3735 637 3786 d.
656 3735 680 3788 h.
768 3739 807 3789 19.
824 3735 894 3804 Chry
915 3741 995 3804 ppos,
1010 3729 1037 3797 1·
1062 3743 1164 3828 L§tullum
1181 3750 1200 3787 s.
1214 3729 1274 3783 nul.

169 3797 554 3870 umsoaulldlligerist,da—'.
579 3802 679 3854 Ebenso
732 3807 850 3868 45,108.
889 3805 935 3857 Die
958 3805 1021 3857 Schr
1068 3801 1275 3896 eptrietszonapi

169 3871 200 3925 V.
219 3875 260 3938 16,
280 3875 325 3925 131
349 3889 410 3924 cum
426 3873 587 3938 praesertim
605 3887 681 3924 omne
729 3871 852 3942 ἀγαθῶν
869 3877 915 3923 καὶ
932 3874 1027 3926 κακῶν
1094 3881 1223 3946 utooynyn.
